2552 3470
1277 161 1304 203 6

294 271 550 328 'temptandas
583 289 664 315 non
697 287 797 324 esse,
833 286 934 326 quae
967 279 1008 312 et
1040 273 1290 325 probabilem
1324 272 1565 313 sententiam
1596 271 1747 312 habent
1780 278 1820 312 et
1848 271 2031 324 exemplo
2059 272 2281 321 firmantur,

297 345 508 388 Ciceronis
528 345 577 387 de
596 359 639 386 re
654 343 816 398 publica
833 342 889 396 (2,
905 344 972 396 40,
989 342 1060 395 67)
1086 351 1141 385 est
1165 343 1238 385 tibi
1260 358 1307 385 ex
1330 345 1383 385 iis
1409 345 1508 398 ipsis
1528 345 1601 398 qui
1623 344 1769 385 adsunt
1787 343 1886 385 bella
1913 344 2029 397 copia
2053 343 2116 384 vel
2136 351 2182 384 ut
2199 359 2225 383 a
2250 351 2285 384 te

295 420 385 473 ipso
416 419 584 459 ordiare.

492 503 535 532 11.
571 491 836 543 Posteaquam
858 488 1052 529 Octavius
1078 502 1112 529 c.
1136 490 1187 529 19
1214 503 1340 543 usque
1360 503 1384 529 a
1404 488 1529 529 Thale
1549 488 1710 529 Milesio
1737 488 1786 529 de
1812 489 1975 530 deorum
1994 494 2137 529 natura
2156 487 2283 541 philo-

296 564 510 616 sophorum
530 562 752 602 sententias
773 561 1033 611 enumeravit,
1060 562 1257 600 rationem
1278 561 1521 600 concludens
1541 560 1605 599 his
1626 561 1759 600 verbis
1780 561 1929 601 desinit
1952 562 2018 611 20,
2043 563 2064 600 1

623 633 811 686 Exposui
834 634 1037 687 opiniones
1059 635 1232 673 omnium
1248 633 1381 684 ferme
1402 632 1732 686 philosophorum
1756 633 1898 686 quibus
1923 633 2130 672 inlustrior
2151 631 2283 685 qloria

623 714 698 757 est,
734 699 849 747 deum
876 720 998 746 unum
1030 706 1162 745 multis
1198 706 1284 745 licet
1312 706 1536 758 desiqnasse
1563 704 1801 754 nominibus,
1836 713 1881 745 ut
1915 706 2043 758 quivis
2072 704 2284 744 arbitretur

624 787 693 818 aut
733 792 839 818 nunc
879 778 1113 817 christianos
1145 777 1399 831 philosophos
1429 790 1508 816 esse
1536 784 1605 816 aut
1634 776 1892 831 philosophos
1915 777 2049 829 fuisse
2080 778 2162 816 iam
2191 783 2283 816 tunc

625 851 872 891 christianos.

290 921 423 961 Paene
442 921 588 961 mirum
610 929 683 973 est,
715 922 820 962 hanc
840 922 1060 962 orationem
1081 922 1327 974 superiorum
1348 921 1497 960 nemini
1519 920 1624 972 quod
1653 921 1824 960 sciamus
1845 920 2074 972 scrupulum
2094 920 2280 959 iniecisse

289 1007 420 1045 neque
455 993 640 1033 Halmio:
677 993 825 1046 pendet
854 995 960 1033 enim
991 994 1215 1032 infinitivus
1245 994 1357 1032 deum
1377 1022 1385 1030 .
1409 1022 1418 1031 .
1448 993 1684 1044 desiqnasse,
1716 992 1785 1044 qui
1815 992 1866 1031 ab
1896 994 2061 1044 exposui
2087 993 2170 1043 regi
2200 1006 2279 1031 non

289 1071 423 1118 potest
452 1079 580 1118 neque
611 1065 692 1105 ulla
720 1066 919 1118 probabili
950 1066 1104 1105 ratione
1140 1065 1343 1118 explicari.
1402 1062 1520 1113 Quod
1557 1064 1625 1117 qui
1658 1063 1959 1114 intellexerunt,
1996 1063 2277 1113 Baehrensius,

290 1150 378 1175 cum
409 1137 466 1176 ita
496 1137 621 1176 edidit
650 1138 817 1190 exposui
834 1138 1039 1190 opiniones
1060 1139 1233 1177 omnium
1251 1138 1383 1190 ferme
1409 1136 1733 1191 philosophorum
1761 1136 1902 1190 quibus
1924 1134 2132 1176 inlustrior
2148 1136 2281 1190 qloria

288 1217 356 1259 est,
388 1211 502 1249 deum
520 1224 642 1248 unum
660 1210 793 1248 multis
820 1210 909 1249 licet
928 1211 1218 1261 desiqnantium
1236 1210 1472 1259 nominibus,
1494 1217 1536 1249 ut
1556 1223 1591 1262 q.
1621 1223 1670 1248 ex
1690 1223 1814 1262 prava
1833 1209 2010 1248 oratione
2031 1207 2280 1247 emendando

289 1281 524 1321 deteriorem
561 1281 703 1332 effecit,
737 1280 1043 1322 Cornelissenus
1074 1289 1206 1321 autem
1237 1297 1324 1321 cum
1357 1282 1496 1322 scribit
1525 1283 1689 1335 exposui
1723 1282 1925 1334 opiniones
1959 1282 2132 1320 omnium
2147 1280 2281 1331 serm-e

286 1353 613 1407 philosophorum
633 1353 774 1406 quibus
793 1354 1001 1394 inlustrior
1017 1355 1163 1407 qloria,
1187 1362 1222 1394 et
1241 1356 1355 1394 deum
1374 1369 1495 1394 unum
1510 1355 1644 1394 multis
1665 1354 1787 1406 liquet
1805 1354 2028 1407 desiqnasse
2041 1352 2277 1402 nominibus,

288 1425 365 1465 hoc
385 1425 547 1479 quidem
567 1426 775 1466 verissime
796 1426 1012 1479 perspexit,
1043 1426 1147 1466 hanc
1167 1441 1246 1466 non
1270 1441 1388 1466 unam
1409 1440 1497 1467 esse
1527 1426 1597 1466 sed
1629 1426 1726 1466 duas
1754 1426 1984 1477 sententias,
2016 1439 2114 1478 quas
2145 1431 2278 1465 tamen

287 1512 368 1537 non
398 1506 489 1550 apte
520 1512 589 1549 per
623 1505 659 1537 et
687 1498 1010 1536 coniunctionem
1047 1498 1249 1550 copulavit
1284 1512 1412 1550 neque
1449 1499 1571 1551 liquet
1603 1497 1811 1537 verisimili
1848 1498 2076 1536 coniectura
2105 1511 2155 1536 ex
2190 1497 2278 1536 licet

287 1570 473 1619 restituit,
505 1584 584 1621 qua
604 1571 839 1609 concessiva
859 1570 1055 1620 particula
1075 1570 1175 1608 nihil
1197 1577 1281 1608 erat
1310 1570 1360 1608 ad
1381 1570 1483 1609 hauc
1504 1571 1723 1609 orationem
1745 1570 2093 1608 accommodatius.
2139 1570 2277 1621 Itaque

287 1656 360 1681 nos
390 1641 465 1681 hoc
494 1648 676 1682 tenentes
707 1641 806 1682 duas
837 1656 926 1681 esse
948 1642 1167 1681 sententias
1189 1642 1355 1682 alteram
1375 1643 1570 1694 integram
1601 1656 1688 1682 esse
1720 1642 1944 1692 statuimus,
1977 1642 2142 1681 alteram
2162 1641 2276 1680 initio

286 1727 487 1752 mancam:
520 1715 686 1767 exposui
712 1714 917 1767 opiniones
947 1715 1121 1752 omnium
1138 1713 1271 1765 ferme
1298 1714 1622 1768 philosophorum
1651 1713 1791 1767 quibus
1818 1713 2025 1753 inlustrior
2050 1713 2182 1767 yloria
2202 1721 2276 1753 est:

286 1801 305 1822 t
320 1801 339 1821 t
355 1801 374 1821 ιι
395 1787 510 1825 deum
535 1801 657 1825 unum
676 1786 808 1825 multis
829 1787 916 1825 licet
944 1787 1169 1838 desiqnasse
1197 1787 1434 1835 nominibus,
1465 1795 1509 1825 ut
1536 1788 1665 1839 quivis
1695 1793 1769 1825 etc.
1814 1785 1933 1835 Quod
1965 1787 2030 1825 ubi
2052 1779 2274 1837 agnoveris,

286 1872 337 1897 ne
358 1857 407 1897 de
428 1857 707 1910 supplemento
734 1857 897 1910 quidem
924 1857 1073 1909 ambigi
1096 1864 1228 1910 potest
1248 1873 1325 1910 quo
1347 1865 1485 1910 ruptus
1507 1858 1697 1898 orationis
1718 1865 1832 1898 tenor
1853 1858 2065 1897 reficiatur.
2115 1857 2275 1896 Etenim

286 1929 346 1969 sic
377 1929 587 1983 scripsisse
617 1928 841 1969 Minucium
871 1930 1142 1983 suspicamur:

616 2002 803 2054 Exposui
829 2003 1031 2054 opiniones
1059 2004 1233 2041 omnium
1250 2002 1383 2054 ferme
1408 2003 1731 2056 philosophorum
1761 2003 1902 2056 quibus
1921 2003 2128 2042 inlustrior
2144 2002 2275 2055 yloria

617 2082 692 2113 est.-
724 2069 1073 2125 [deprehendimus
1105 2071 1187 2125 eos]
1219 2075 1334 2113 deum
1362 2089 1483 2113 unum
1510 2076 1641 2114 multis
1670 2076 1758 2114 licet
1785 2076 2009 2128 desiqnasse
2036 2074 2272 2124 nominibus,

617 2152 661 2185 ut
689 2147 819 2198 quivis
849 2145 1061 2186 arbitretur
1088 2154 1159 2186 aut
1184 2161 1289 2186 nunc
1309 2147 1541 2187 christianos
1559 2147 1815 2201 philosophos
1835 2161 1915 2186 esse
1934 2154 2005 2186 aut
2020 2146 2273 2199 philosophos

619 2217 753 2267 fuisse
780 2219 864 2256 iam
892 2225 983 2257 tunc
1012 2219 1260 2258 christianos.

285 2285 376 2337 Quo
401 2288 505 2328 sacto
536 2295 576 2327 et
605 2303 727 2328 causa
755 2290 893 2329 omissi
925 2291 1033 2329 verbi
1064 2290 1261 2342 patefacta
1291 2296 1352 2329 est
1381 2297 1420 2329 et
1439 2290 1659 2330 Minucium
1691 2291 1951 2342 intelligimus
1983 2290 2122 2329 eadem
2148 2303 2272 2342 paene

285 2360 476 2401 orationis
496 2359 626 2401 forma
646 2360 829 2401 desinere
860 2375 939 2414 qua
968 2376 1081 2402 orsus
1113 2369 1218 2402 erat:
1249 2362 1364 2402 initio
1397 2361 1502 2401 enim
1533 2361 1649 2403 huius
1671 2363 1795 2415 partis
1818 2363 1876 2402 sic
1896 2362 2110 2414 scripserat
2129 2360 2211 2413 (19,
2231 2359 2272 2411 3)

283 2446 546 2472 recenseamus
567 2434 604 2472 si
618 2434 748 2486 placet
767 2433 1000 2486 disciplinas
1021 2433 1366 2487 philosophorum:
1397 2434 1656 2487 deprehendes
1676 2449 1754 2486 eos,
1784 2435 1857 2475 etsi
1874 2433 2114 2474 sermonibus
2134 2435 2270 2484 variis,

283 2506 385 2556 ipsis
413 2512 541 2543 tamen
568 2505 682 2543 rebus
711 2507 756 2543 in
784 2506 886 2543 hanc
913 2520 1034 2543 unam
1063 2507 1168 2544 coire
1197 2513 1232 2544 et
1265 2507 1495 2557 conspirare
1528 2508 1768 2546 sententiam.
1827 2506 1966 2559 Neque
2002 2520 2116 2546 secus
2152 2505 2270 2556 idem,

285 2584 329 2615 ut
363 2575 692 2616 consuetudinem
726 2591 939 2629 agnoscas,
978 2578 1013 2627 7,
1047 2578 1070 2616 2
1110 2585 1242 2630 specta
1279 2579 1326 2617 de
1361 2577 1475 2617 libris
1508 2580 1760 2618 memoriam:
1800 2580 1882 2618 iam
1916 2592 1978 2618 eos
2012 2578 2272 2631 deprehendes

283 2648 462 2687 initiasse
489 2648 590 2687 vitus
619 2649 793 2688 omnium
820 2649 1067 2702 reliyionum.
1114 2646 1194 2697 Qui
1225 2649 1541 2702 deprehendendi
1570 2652 1734 2690 verbum
1766 2651 1887 2690 etiam
1913 2651 2019 2690 hunc
2047 2651 2088 2689 in
2110 2650 2272 2689 modum

284 2719 418 2773 posuit
446 2717 531 2770 (35,
553 2717 608 2771 5),
646 2722 825 2774 quamvis
853 2722 896 2760 in
924 2721 1125 2761 nonnullis
1154 2721 1370 2775 disciplina
1403 2729 1554 2761 nostra·
1575 2723 1705 2763 minor
1739 2729 1813 2773 est,
1847 2722 1968 2762 multo
2003 2729 2132 2762 tamen
2164 2720 2272 2761 vobis

283 2793 462 2832 meliores
492 2794 832 2845 deprehendemur.
884 2794 987 2833 Nam
1009 2794 1113 2846 quod
1145 2795 1185 2833 in
1217 2795 1292 2833 hac
1312 2795 1491 2833 oratione
1521 2796 1642 2834 simili
1673 2796 1755 2835 illis
1776 2795 1938 2847 quidem
1960 2795 2030 2834 sed
2056 2795 2270 2847 prolixiore

283 2861 366 2915 (33,
389 2864 428 2904 4.
451 2861 494 2914 5)
523 2865 672 2917 scripta
701 2879 834 2905 eorum
853 2865 988 2919 releye,
1018 2865 1157 2906 Flavii
1179 2865 1349 2919 Iosephi,
1379 2866 1441 2906 vel
1468 2868 1505 2906 si
1530 2867 1721 2908 Romanis
1747 2869 1873 2921 maqis
1900 2867 2062 2919 qaudes‚
2093 2874 2137 2906 ut
2163 2875 2271 2907 tran-

282 2949 435 2975 seamus
462 2943 606 2975 veteres
634 2937 695 2976 vel
723 2937 892 2977 Antonii
911 2937 1063 2977 Iuliani
1081 2938 1128 2978 de
1149 2937 1308 2978 Iudaeis
1337 2939 1518 2991 require:
1547 2940 1628 2978 iam
1657 2940 1754 2979 scies
1782 2939 1959 2992 nequitia
1989 2953 2060 2978 sua
2089 2938 2188 2978 hanc
2208 2953 2270 2978 eos

281 3009 467 3047 meruisse
487 3007 701 3057 fortunam
735 3022 805 3047 nec
840 3010 1052 3061 quicquam
1086 3010 1275 3048 accidisse
1310 3009 1418 3062 quod
1442 3023 1524 3048 non
1552 3012 1603 3048 sit
1629 3012 1702 3061 iis,
1733 3013 1771 3050 si
1797 3013 1840 3049 in
1871 3013 2113 3050 contumacia
2138 3024 2269 3065 perse-

281 3088 480 3130 verarent,
512 3088 601 3120 ante
625 3081 892 3133 praedictum:
925 3083 982 3121 ita
1009 3083 1123 3133 prius
1160 3096 1223 3121 eos
1259 3083 1471 3121 deseruisse
1506 3084 1804 3134 comprehendes
1839 3097 1959 3134 quam
1994 3097 2073 3122 esse
2101 3084 2270 3121 desertos
