2552 3470
1262 152 1288 194 8

280 265 480 318 posterius
510 279 561 304 ne
589 264 684 304 ferri
714 263 874 317 quidem
904 277 1023 316 posse
1054 263 1222 316 videtur,
1254 264 1354 305 nihil
1384 264 1531 304 certius
1561 277 1650 304 esse
1680 265 1954 306 existimemus
1984 279 2105 318 quam
2131 279 2268 306 verum

282 350 370 376 esse
404 336 509 389 quod
545 336 585 376 in
622 335 758 376 codice
794 336 987 388 scriptum
1025 343 1087 376 est
1115 337 1208 376 alia.
1268 336 1430 376 Etenim
1466 335 1743 376 credulitatem
1779 343 1958 377 veterum
1987 351 2066 391 qua
2094 338 2137 378 in
2166 338 2267 378 acci-

281 408 438 461 piendis
469 408 546 447 diis
576 407 727 447 versari
757 408 865 447 soliti
895 408 977 447 sint
1006 409 1063 448 ita
1083 408 1276 449 Octavius
1307 408 1484 448 declarat
1512 413 1556 447 ut
1584 408 1746 448 eosdem
1776 410 1896 449 etiam
1917 409 1996 449 alia
2015 416 2269 449 monstruosa

280 480 424 520 leviter
453 479 672 519 credidisse
702 479 893 530 affirmet3
924 481 1070 532 quibus
1102 481 1294 533 expositis
1316 487 1355 519 et
1375 479 1648 531 exemplorum
1669 480 1784 532 copia
1804 480 2084 534 comprobatis,
2105 480 2267 520 tandem

281 552 426 605 repetit
460 551 501 591 id
537 551 649 591 cuius
686 565 734 590 ea
764 564 885 591 causa
915 551 1117 604 explicata
1145 558 1238 592 sunt
1266 549 1371 602 (11):
1408 551 1588 591 similiter
1615 560 1845 592 erraverunt
1873 567 1966 605 erqa
1995 553 2085 592 deos
2115 566 2269 605 quoque

280 624 447 662 maiores
481 624 628 662 nostri:
662 624 885 676 improvide
920 624 1071 663 creduli
1103 625 1198 663 rudi
1230 624 1479 676 simplicitate
1514 622 1782 671 crediderunt‚·
1819 637 1921 676 quae
1958 624 2027 677 qui
2056 623 2269 664 contulerit

282 709 371 733 cum
400 694 481 733 illis
511 694 785 746 superioribus
811 692 867 745 (4.
890 692 933 744 5)
962 694 1170 746 intelliget,
1203 700 1350 747 quanto
1380 707 1498 746 opere
1527 694 1577 733 iis
1608 699 1691 733 tota
1720 694 1898 735 oratione
1920 695 2196 749 respondeant,
2229 701 2268 735 et

282 781 417 806 verum
448 780 536 806 esse
567 765 680 806 dabit
709 766 815 818 quod
846 766 1015 805 dicimus
1045 767 1212 805 circuitu
1243 766 1416 817 quodam
1442 766 1752 818 disputationem
1772 782 1797 806 a
1818 767 2052 807 credulitate
2072 769 2267 808 maiorum

279 838 320 878 in
357 838 447 878 aliis
483 838 664 878 converti
699 837 750 878 ad
781 837 953 878 similem
985 836 1199 877 eorundem
1229 836 1506 878 credulitatem
1540 851 1659 891 quam
1694 851 1788 891 prae
1822 852 1866 878 se
1900 839 2082 880 ferebant
2114 840 2156 879 in
2190 839 2267 880 diis

279 918 398 964 atque
418 911 653 951 numinibus
674 910 974 950 constituendis.
1012 908 1091 949 Sed
1112 910 1236 948 verba
1251 923 1352 962 quae
1374 909 1476 950 hanc
1498 910 1737 951 sententiam
1758 909 1919 963 habent,
1942 925 2023 952 non
2044 912 2101 952 ita
2120 912 2267 965 scripta

279 990 373 1022 sunt
401 983 443 1023 in
475 983 624 1035 codice,
657 990 701 1023 ut
730 997 850 1036 supra
878 982 1099 1035 posuimus:
1130 982 1369 1034 putabamus
1390 983 1497 1022 enim
1517 982 1616 1022 haec
1637 996 1736 1035 quae
1759 982 1885 1023 codex
1907 983 2070 1024 exhibet
2089 985 2269 1024 similiter

278 1069 326 1093 ac
359 1069 450 1094 vero
488 1069 582 1108 erqa
617 1056 708 1094 deos
737 1052 825 1105 (12)
861 1061 947 1104 cet.,
986 1066 1087 1105 quae
1123 1066 1247 1105 prava
1284 1059 1387 1104 sunt,
1424 1053 1530 1093 facili
1568 1067 1700 1093 errore
1736 1067 1785 1093 ex
1814 1053 1896 1094 illis
1926 1061 2021 1094 nata
2049 1068 2137 1095 esse
2167 1069 2266 1108 quae

280 1126 495 1167 scribenda
530 1127 789 1177 coniecimus3
827 1140 927 1178 quae
963 1125 997 1165 si
1034 1125 1092 1165 sic
1128 1131 1291 1165 exarata
1326 1132 1439 1165 erant
1473 1125 1521 1165 de
1557 1140 1667 1165 more
1691 1125 1999 1175 fimilirerravei‘·
2036 1141 2129 1181 erqa
2163 1129 2264 1180 deos,

281 1205 459 1252 apparet,
491 1198 587 1251 quid
616 1198 854 1249 negligentis
885 1197 1038 1237 librarii
1069 1197 1323 1237 oscitantiam
1353 1197 1549 1237 fefellerit.
1599 1196 1788 1238 Ceterum
1809 1199 1940 1250 aptius
1961 1199 2127 1238 verbum
2148 1213 2267 1251 quam

281 1269 388 1324 quod
419 1270 619 1312 suasimus
648 1277 877 1310 erraverunt
910 1268 1083 1310 inveniri
1118 1284 1199 1310 non
1235 1266 1423 1323 potest*)‚
1461 1277 1500 1310 et
1536 1269 1609 1310 has
1646 1269 1745 1311 duas
1782 1285 1870 1311 esse
1906 1271 2136 1322 sententias,
2169 1286 2266 1323 quas

280 1343 536 1392 secrevimus,
569 1343 656 1394 ipsa
684 1341 876 1380 orationis
907 1340 1168 1379 conformatio
1199 1340 1409 1380 manifesto
1439 1340 1602 1380 indicat.

478 1413 525 1452 In
557 1412 750 1465 exemplis
771 1411 1068 1452 incredibilium
1087 1411 1381 1463 miraculorum,
1414 1425 1513 1465 quae
1535 1411 1728 1452 Octavius
1749 1419 1966 1463 enumerat,
1998 1418 2041 1451 ut
2060 1412 2265 1453 mittamus

280 1486 358 1525 alia
387 1499 487 1538 quae
516 1484 744 1537 interpretis
775 1498 910 1523 curam
940 1497 1104 1536 poscere
1135 1483 1358 1532 videantur,
1391 1498 1510 1523 unum
1542 1484 1854 1535 perstringemus
1887 1485 2008 1534 brevi,
2039 1484 2137 1523 illud
2159 1485 2265 1536 quod

280 1562 458 1597 extremo
494 1556 581 1595 loco
616 1555 792 1608 positum
829 1561 890 1595 est
923 1551 999 1606 (9):
1039 1555 1137 1607 quid
1170 1555 1262 1594 illae
1297 1555 1421 1594 aniles
1438 1554 1620 1607 fabulas,
1651 1556 1698 1595 de
1725 1555 1947 1595 hominibus
1975 1570 2065 1595 aves
2094 1564 2129 1595 et
2145 1556 2265 1608 ferae

278 1642 297 1663 t
312 1642 331 1664 t
346 1642 365 1663 t
391 1628 563 1668 homines
594 1635 629 1667 ec
657 1628 705 1667 de
729 1626 951 1667 hominibus
971 1626 1129 1666 arbores
1149 1634 1266 1679 atque
1274 1627 1422 1679 flores?
1441 1640 1541 1679 quae
1560 1629 1597 1667 ei
1614 1635 1736 1667 essent
1750 1627 1869 1679 sacta
1879 1628 2038 1678 fierent;
2062 1630 2157 1681 quia
2167 1629 2266 1683 fieri

277 1714 358 1740 non
380 1708 560 1754 possunt,
590 1700 678 1740 ideo
711 1695 800 1752 [nec
829 1696 943 1751 fiunt]
974 1712 1042 1739 nec
1051 1699 1171 1751 sacta
1191 1706 1291 1738 sunt.
1339 1697 1453 1749 Quae
1474 1698 1629 1740 duobus
1650 1699 1748 1740 locis
1770 1712 1913 1740 manca
1933 1713 2020 1740 esse
2041 1700 2129 1740 visa
2149 1707 2260 1740 sunt:

277 1772 402 1810 altero
441 1771 669 1810 addidimus
705 1783 807 1822 quae
845 1771 986 1809 abesse
1020 1770 1273 1822 putabamus,
1308 1783 1378 1808 nec
1401 1770 1518 1820 fiunt,
1554 1783 1677 1822 eaque
1712 1769 1830 1809 facile
1864 1776 1955 1809 ante
1990 1784 2059 1810 nec
2094 1770 2262 1810 alterum

279 1844 407 1883 omitti
444 1849 645 1896 poterant3
683 1843 828 1895 quibus
859 1842 1024 1881 adiectis
1055 1843 1156 1881 ratio
1187 1841 1451 1881 concludendi
1481 1842 1712 1893 absolvitur,
1745 1843 1778 1882 si
1809 1842 1970 1895 quidem
1999 1856 2049 1882 ex
2079 1856 2124 1882 eo
2155 1843 2262 1896 quod

278 1915 349 1954 illa
383 1916 471 1954 fieri
507 1929 586 1954 non
617 1921 787 1967 possunt
818 1920 1026 1966 utrumque
1058 1914 1274 1965 colligitur,
1307 1928 1380 1953 nec
1410 1915 1496 1953 fieri
1526 1928 1654 1966 neque
1683 1914 1790 1953 facta
1819 1928 1924 1964 esse3
1963 1928 2036 1953 nec
2066 1915 2262 1954 dissimile

278 2000 403 2037 genus
432 1985 699 2026 ratiocinandi
729 1992 791 2026 est
819 1985 923 2037 apud
946 1983 1181 2025 Ciceronem
1212 1984 1260 2024 de
1288 1984 1367 2024 div.
1390 1985 1426 2035 2,
1449 1986 1513 2033 46,
1536 1985 1587 2025 97
1614 1987 1651 2024 ei
1677 1987 1778 2024 enim
1807 1994 1903 2025 esset
1917 1986 2162 2037 factitatum,
2183 2001 2262 2025 non

276 2065 373 2097 esset
400 2058 584 2105 desitum3
613 2058 804 2096 neminem
833 2063 960 2096 autem
989 2056 1170 2096 habemus
1190 2064 1387 2096 auctorem
1408 2057 1478 2110 qui
1494 2057 1539 2096 id
1558 2064 1625 2097 aut
1645 2058 1744 2112 fieri
1761 2057 1869 2097 dicat
1886 2064 1955 2097 aut
1970 2057 2130 2110 suctum
2150 2059 2259 2099 sciat.

276 2131 418 2169 Altero
443 2130 531 2168 loco
552 2130 813 2168 interstitium
843 2128 1121 2178 indicavimus,
1145 2128 1303 2180 explere
1325 2128 1411 2165 ausi
1432 2140 1512 2166 non
1534 2141 1686 2178 sumus3
1718 2128 1788 2167 sed
1809 2134 1941 2167 tamen
1962 2128 2019 2167 ita
2039 2141 2259 2181 censemus,

278 2216 368 2240 cum
398 2201 524 2240 oratio
554 2200 721 2251 incipiat
750 2201 797 2239 de
825 2199 1047 2239 hominibue
1076 2214 1164 2238 aves
1193 2208 1228 2239 et
1244 2200 1377 2250 ferae,
1410 2199 1552 2238 deinde
1581 2214 1717 2239 rursus
1747 2200 1864 2252 plene
1895 2200 2049 2239 dicatur
2069 2202 2116 2240 de
2134 2202 2259 2240 homi-

276 2272 391 2313 nibus
420 2272 580 2313 arbores
609 2280 726 2326 atque
743 2273 878 2325 flores,
910 2271 1009 2311 haec
1039 2287 1116 2312 non
1148 2272 1338 2312 continua
1365 2270 1489 2311 fuisse
1518 2269 1711 2325 (alioquin
1740 2273 1838 2313 satis
1859 2279 1945 2313 erat
1970 2273 2047 2313 dici
2069 2275 2116 2313 de
2139 2274 2260 2314 homi-

276 2346 390 2386 nibus
420 2359 509 2385 aves
538 2353 574 2385 et
589 2345 720 2397 ferae,
752 2344 911 2385 arbores
940 2351 1056 2398 atque
1073 2342 1213 2397 flores)
1243 2351 1283 2385 et
1311 2345 1590 2398 interpositum
1615 2346 1788 2386 homines
1807 2345 1955 2386 indicio
1976 2360 2064 2386 esse
2084 2345 2260 2386 medium

278 2418 470 2471 quiddam
509 2418 763 2456 interiectum
802 2417 944 2467 fuisse3
988 2417 1094 2470 quod
1128 2418 1245 2471 quale
1280 2417 1400 2457 fuerit
1436 2417 1470 2456 si
1505 2418 1724 2470 quaeritur,
1761 2418 1869 2458 idem
1901 2418 2073 2458 homines
2108 2418 2261 2458 indicat

277 2489 511 2530 mutationis
546 2488 772 2542 exemplum
809 2503 888 2529 non
924 2488 1103 2529 eiusdem
1139 2489 1208 2530 sed
1245 2488 1468 2529 contrariae
1502 2489 1641 2541 fuisse,
1686 2491 1797 2530 cuius
1832 2490 1874 2529 in
1911 2490 1985 2530 hac
2022 2505 2142 2530 causa
2178 2505 2259 2530 non

278 2562 451 2601 deterior
487 2574 582 2600 usus
618 2566 719 2610 erat3
756 2560 865 2599 velut
900 2560 1073 2612 exempli
1110 2574 1231 2599 causa
1265 2562 1297 2600 si
1329 2574 1455 2613 ponas
1485 2562 1532 2599 de
1560 2561 1779 2600 hominibus
1808 2575 1898 2601 aves
1927 2569 1962 2601 et
1977 2562 2096 2614 ferae
2127 2558 2181 2614 [et
2211 2562 2260 2602 de

276 2630 495 2685 lapidibus]
533 2633 706 2671 homines
740 2639 776 2671 et
809 2633 856 2670 de
884 2631 1106 2671 hominibus
1136 2631 1294 2671 arbores
1329 2639 1446 2684 atque
1467 2633 1608 2683 flores,
1645 2633 1866 2673 sententiae
1895 2647 1974 2673 non
2004 2634 2138 2685 inepte
2168 2647 2258 2672 con·

277 2704 425 2745 sultum
455 2703 654 2754 videatur3
687 2708 727 2742 et
756 2703 789 2742 si
816 2702 1052 2742 hariolando
1074 2702 1238 2743 ulterius
1259 2703 1445 2756 progredi
1465 2703 1598 2755 libeat,
1630 2704 1751 2745 etiam
1771 2705 2046 2758 aequabilitati
2067 2705 2258 2745 orationis

278 2776 464 2816 satisfieri
500 2775 638 2829 possit,
676 2775 740 2815 cui
775 2775 945 2814 multum
982 2775 1156 2814 tribuere
1193 2775 1294 2815 solet
1321 2774 1537 2827 Minucius,
1574 2776 1857 2829 mutilataeque
1888 2775 2108 2817 sententiae
2138 2789 2259 2817 causa

475 2948 508 2989 ²⁸)
531 2947 695 2981 Videmus
714 2947 941 2982 Dombartum
965 2957 1099 2990 quoque
1122 2947 1158 2981 in
1183 2947 1335 2983 editione
1360 2958 1391 2983 a.
1412 2949 1494 2983 1881
1519 2959 1552 2992 p,
1570 2950 1632 2983 132
1655 2951 1696 2985 de
1712 2951 1820 2985 verbo
1836 2956 2024 2985 erraverunt
2038 2949 2256 2985 restituendo

276 3008 501 3052 cogitavisse,
525 3009 587 3042 sed
607 3008 660 3042 ita
683 3012 724 3042 ut
747 3019 788 3043 ex
813 3010 1017 3042 crediderunt
1037 3012 1323 3052 recuperaretur,
1354 3009 1445 3051 quod
1469 3009 1610 3044 verbum
1633 3010 1757 3044 abesse
1781 3020 1849 3044 non
1872 3013 2005 3053 potest3
2035 3020 2144 3054 neque
2169 3011 2257 3046 satis

277 3068 492 3112 simplicitati
517 3068 723 3103 emendandi
745 3069 806 3103 illo
830 3070 929 3103 modo
953 3074 1174 3112 prospectum
1198 3069 1347 3104 videtur.
