2552 3470
1282 155 1309 195 9

306 270 449 323 aperiri
469 283 560 309 cum
580 269 636 308 ita
656 266 864 319 scripseris
891 267 938 306 de
965 265 1184 305 hominibus
1213 280 1302 305 avec
1328 274 1364 305 et
1378 266 1496 317 ferae
1517 262 1571 317 [et
1592 265 1640 304 de
1660 265 1860 318 lapidibus
1890 279 1937 305 ac
1958 266 2143 305 dentibus
2163 261 2284 317 ferae]

305 342 476 382 homines
506 348 542 380 et
568 341 615 379 de
643 337 864 378 hominibus
893 337 1053 377 arbores
1084 345 1199 390 atque
1216 339 1349 390 flores.
1401 338 1491 376 Non
1523 337 1846 378 commendamus
1867 338 2147 388 coniecturam,
2179 337 2285 377 viam

306 414 531 466 significare
563 410 755 460 volumus,
787 423 866 461 qua
895 410 960 448 via
988 423 1083 448 vera
1112 409 1337 448 emendatio
1368 409 1539 448 inveniri
1569 409 1707 460 possit.
1759 409 1861 448 Nam
1883 423 1984 461 quae
2006 409 2135 448 adhuc
2161 416 2284 460 temp·

304 491 440 525 tarunt
473 482 597 532 docti,
636 495 660 520 a
694 495 791 521 sana
825 480 979 520 ratione
1014 480 1173 532 longius
1209 480 1394 520 videntur
1424 481 1577 519 abesse.
1638 479 1773 519 Verba
1791 480 1929 532 sactae
1959 494 2038 519 esee
2067 480 2284 520 desiderari

304 563 456 610 putant,
487 567 588 607 quae
617 567 697 592 non
727 553 854 604 magis
883 553 1137 605 requiruntur
1167 566 1287 604 quam
1317 553 1366 591 ad
1397 552 1509 591 illam
1534 553 1888 603 interrogationem
1919 554 2017 604 quid
2044 553 2135 591 illae
2161 553 2284 591 aniles

291 628 460 680 fabulae
482 625 645 666 verbum
665 624 808 676 loquar
826 623 1094 663 adiiciendum
1114 630 1187 663 est.
1233 622 1347 672 Quae
1369 638 1461 662 vero
1478 623 1747 663 Baehrensius
1768 625 2022 675 excogitavit,
2045 624 2283 676 Hieronymi

304 700 424 740 etiam
458 696 687 738 testimonio
721 695 881 746 abusus,
919 708 997 748 quo
1035 694 1135 734 nihil
1170 695 1378 747 probatur,
1416 708 1644 735 concessam
1683 695 1920 735 coniieiendi
1956 695 2181 736 libertatem
2216 710 2280 735 ex—

304 772 459 812 cedunt.
519 769 600 809 Sed
629 782 676 807 ea
703 768 884 821 pluribus
914 766 1094 809 refellere
1123 781 1202 806 non
1233 774 1294 807 est
1323 768 1605 807 necessarium.

500 853 557 883 111.
603 840 795 882 Octavius
832 840 874 879 in
911 853 956 879 eo
992 846 1208 893 occupatus
1244 846 1288 880 ut
1315 839 1533 880 Euhemeri
1562 841 1736 880 maxime
1765 840 1987 880 rationibus
2020 854 2112 880 usus
2143 840 2282 880 doceat

304 916 398 957 deos
428 914 563 955 haberi
596 913 664 966 qui
692 911 840 953 fuerint
868 911 1050 952 homines
1079 911 1179 952 haec
1208 911 1257 952 de
1286 908 1458 952 Saturno
1488 912 1609 952 refert
1638 926 1671 952 c.
1693 912 1758 964 21,
1789 913 1827 952 5.

633 985 673 1024 Ιε
698 986 831 1036 itaque
852 983 1050 1024 Saturnus
1070 982 1183 1023 Oreta
1206 984 1407 1036 profuque
1440 984 1594 1023 Italiam
1618 992 1719 1023 metu
1741 985 1828 1037 filii
1845 986 2050 1023 saevientis
2070 992 2282 1023 acceeeerat

631 1063 667 1096 et
695 1055 790 1095 Iani
816 1062 1016 1109 susceptae
1045 1055 1214 1109 hospitio
1243 1055 1360 1095 rudes
1388 1055 1479 1095 illoc
1507 1055 1679 1096 homines
1709 1064 1745 1095 et
1772 1053 1987 1110 ayreetee*)
2007 1056 2129 1095 multa
2149 1057 2282 1096 docuit

630 1137 673 1168 ut
694 1128 911 1169 Graeculus
941 1135 977 1167 et
999 1128 1164 1181 politus,
1197 1128 1344 1167 litterae
1369 1130 1606 1181 imprimere,
1634 1142 1810 1168 nummos
1830 1130 2000 1182 eiqnare,
2024 1130 2280 1167 instrumenta

630 1201 822 1251 conficere.
873 1200 1013 1253 Itaque
1041 1199 1229 1239 latebram
1257 1213 1369 1238 auam
1388 1201 1495 1253 quod
1513 1207 1593 1240 tuto
1615 1201 1789 1240 latuisset
1807 1202 1944 1240 vocari
1960 1200 2101 1240 maluit
2120 1200 2279 1239 Latium

547 1277 569 1309 5
627 1282 662 1313 et
688 1273 822 1312 urbem
843 1273 1075 1313 Saturniam
1103 1273 1211 1312 dedit
1238 1274 1285 1311 de
1313 1287 1383 1311 euo
1412 1275 1567 1312 nomine
1595 1283 1631 1312 et
1660 1274 1883 1312 Ianiculum
1914 1274 2035 1311 Ianus
2064 1274 2118 1311 ad
2137 1287 2277 1311 memo-

628 1345 731 1383 riam
760 1351 919 1395 uterque
945 1344 1184 1395 posteritatis
1212 1343 1463 1395 reliquerunt.

299 1417 362 1457 Ita
391 1415 529 1464 codex,
561 1415 600 1455 in
622 1429 699 1468 quo
719 1416 827 1455 dedit
844 1412 906 1466 (5)
925 1414 1026 1455 falso
1047 1415 1239 1467 scriptum
1260 1420 1339 1465 est,
1371 1414 1477 1467 quod
1497 1421 1629 1455 tamen
1651 1429 1720 1467 per
1740 1421 1798 1454 tot
1819 1416 2029 1455 conamina
2050 1415 2277 1454 criticorum

299 1488 474 1527 nondum
511 1487 667 1526 videtur
703 1487 754 1526 ad
791 1501 905 1526 suam
938 1487 1209 1538 integritatem
1237 1493 1478 1526 revocatum.
1539 1487 1638 1525 Prae
1668 1487 1810 1525 ceteris
1841 1487 1990 1539 placuit
2019 1486 2190 1526 Useneri
2220 1488 2277 1526 in-

300 1567 460 1600 ventum
489 1560 603 1610 idem,
636 1559 741 1611 quod
772 1565 811 1598 et
830 1558 1016 1598 Halmius
1036 1558 1187 1610 recepit
1207 1572 1335 1610 neque
1355 1558 1624 1598 Baehrensius
1646 1558 1882 1611 repudiavit.
1932 1557 2022 1608 Quo
2044 1559 2277 1612 pronomine

299 1630 493 1671 Saturnus
523 1646 604 1671 non
633 1630 883 1670 incommode
914 1630 984 1669 sed
1014 1629 1100 1669 sine
1129 1630 1367 1669 necessitate
1397 1630 1526 1668 denuo
1554 1629 1794 1680 designatur,
1827 1630 1877 1669 ad
1898 1631 2088 1670 orationis
2109 1631 2277 1670 formam

298 1703 399 1743 nihil
419 1703 582 1743 confert.
620 1703 666 1743 In
688 1718 767 1754 qua
785 1717 858 1741 nos
885 1701 985 1741 duae
1005 1716 1068 1740 res
1090 1701 1341 1753 potissimum
1363 1702 1465 1740 male
1485 1702 1644 1750 habent,
1666 1703 1805 1753 prima,
1828 1703 1933 1753 quod
1954 1704 2000 1740 de
2019 1717 2088 1741 suo
2110 1706 2274 1753 nomine,

299 1788 399 1827 quae
439 1775 562 1814 verba
605 1787 694 1813 cum
733 1773 977 1827 reliquerunt
1010 1772 1197 1824 coniungi
1231 1786 1311 1812 non
1347 1780 1531 1826 possunt,
1570 1787 1648 1812 non
1684 1772 1829 1813 habere
1869 1772 2052 1813 videntur
2087 1788 2165 1826 quo
2201 1775 2275 1814 niti

297 1847 469 1899 possint,
508 1846 644 1897 altera,
682 1845 787 1899 quod
822 1852 982 1898 uterque
1015 1851 1106 1898 post
1135 1843 1353 1885 Saturnum
1381 1844 1601 1898 Ianumque
1637 1851 1729 1885 ante
1765 1845 2030 1896 significatum
2065 1847 2106 1885 in
2137 1846 2273 1886 eadem

298 1919 496 1957 sententia
530 1932 667 1971 parum
704 1925 794 1970 apte
829 1917 1006 1967 infertur,
1045 1923 1087 1955 ut
1124 1930 1169 1955 eo
1205 1916 1354 1955 indicio
1390 1916 1523 1968 colligi
1560 1917 1697 1969 possit,
1735 1916 1833 1956 haec
1866 1931 1945 1956 non
1976 1918 2092 1957 unius
2122 1918 2275 1957 ambitu

298 1991 519 2028 sententiae
554 1989 849 2041 comprehendi.
907 1988 1024 2026 Prius
1060 1988 1159 2025 illud
1194 1988 1489 2026 incommodum
1526 1988 1769 2027 Dombartus
1805 1990 2002 2041 persensit
2037 1996 2075 2027 et
2110 1990 2274 2027 evitavit

297 2075 386 2101 cum
415 2062 540 2101 indito
571 2062 617 2101 de
645 2075 714 2100 suo
744 2061 899 2100 nomine
934 2064 1188 2111 proponeret,
1230 2058 1335 2110 quod
1366 2056 1647 2099 Cornelisseno
1683 2061 1878 2111 probavit,
1916 2061 2028 2099 alteri
2067 2076 2145 2099 non
2182 2076 2272 2100 con-

297 2131 429 2172 suluit.
496 2132 581 2172 Nos
621 2132 775 2184 utrique
814 2136 856 2170 ut
901 2130 1205 2183 prospiciamus,
1249 2129 1398 2170 codicis
1439 2131 1609 2183 vestigia
1649 2138 1889 2184 prementes,
1927 2146 1996 2184 pro
2039 2132 2271 2184 pronomine

298 2203 472 2255 verbum,
504 2218 583 2243 non
613 2204 719 2243 dedit
747 2201 853 2255 quod
883 2201 950 2241 ille
979 2200 1101 2241 habet
1131 2200 1202 2241 sed
1232 2201 1337 2254 quod
1368 2215 1447 2241 non
1477 2202 1594 2255 longe
1624 2203 1674 2242 ab
1705 2217 1750 2242 eo
1777 2202 1945 2243 discedit
1965 2205 2140 2243 condidit
2158 2205 2270 2244 resti·

295 2276 462 2325 tuimus3
493 2276 599 2328 quod
631 2277 664 2315 si
691 2277 731 2315 in
763 2275 899 2314 codice
920 2280 1124 2313 exaratum
1145 2280 1241 2325 erat,
1274 2281 1316 2313 ut
1337 2275 1448 2326 solet,
1470 2276 1608 2325 edidit,
1639 2276 1679 2314 in
1700 2283 1883 2328 promptu
1904 2283 1987 2315 erat
2008 2290 2105 2315 ansa
2125 2278 2270 2317 erroris

295 2347 362 2399 qui
392 2348 499 2387 dedit
526 2348 765 2401 procreavit:
798 2361 875 2400 quo
904 2346 1023 2386 modo
1053 2346 1158 2399 apud
1188 2346 1381 2387 Senecam
1413 2348 1450 2387 in
1483 2348 1617 2387 codice
1648 2347 1914 2388 Ambrosiano
1946 2348 2192 2399 dialogorum
2228 2359 2272 2389 ut

295 2431 412 2471 saepe
442 2419 631 2459 scribitur
659 2419 1074 2473 Zliqaturum‚ffipulit,
1107 2420 1274 2469 Ztemnig
1306 2418 1464 2470 similia,
1495 2419 1551 2458 ita
1581 2419 1628 2459 de
1659 2420 1716 2458 ira
1747 2420 1782 2470 3,
1811 2420 1874 2470 36,
1898 2421 1924 2458 4
1950 2426 2048 2459 extr.
2070 2429 2269 2473 rectorem,

295 2490 399 2542 quod
436 2490 608 2531 debebat
642 2506 729 2531 esse
766 2500 1017 2531 correctorem
1051 2492 1088 2531 h.
1118 2506 1150 2530 e.
1179 2496 1395 2531 &rectorem
1460 2489 1577 2539 Quod
1613 2493 1646 2530 si
1682 2492 1841 2543 scripsit
1875 2492 1931 2530 ita
1967 2493 2188 2542 Minucius,
2229 2502 2271 2533 ut

293 2566 494 2614 putamus,
531 2570 566 2602 et
600 2563 733 2603 urbem
764 2562 997 2603 Saturniam
1032 2564 1208 2603 condidit
1241 2563 1288 2602 de
1321 2576 1390 2602 suo
1425 2563 1578 2602 nomine
1612 2570 1646 2601 et
1680 2562 1898 2601 Ianiculum
1935 2563 2073 2610 Ianus,
2111 2564 2268 2604 dicendi

491 2713 523 2753 *)
548 2715 643 2747 rudes
672 2718 708 2748 et
735 2720 872 2758 ayrestes
901 2713 1084 2756 componit,
1112 2717 1152 2746 ut
1175 2725 1204 2747 c.
1223 2714 1274 2755 12,
1299 2715 1317 2747 7
1342 2715 1418 2746 satis
1441 2719 1486 2746 est
1505 2724 1565 2756 pro
1585 2715 1717 2756 pedibue
1740 2716 1881 2757 aspicere
1905 2718 2039 2748 maxime
2062 2718 2196 2749 indoctis
2220 2719 2266 2748 in-

290 2772 407 2816 politis,
435 2773 567 2806 rudibus
595 2776 781 2817 ayrestibus,
809 2774 868 2809 ubi
896 2775 1026 2808 rudibus
1049 2774 1278 2808 Baehrensius
1308 2773 1446 2814 delevit,
1475 2777 1514 2806 ut
1543 2773 1613 2806 tria
1637 2773 1717 2816 sint,
1742 2784 1830 2815 quae
1853 2775 1952 2809 nobis
1977 2776 2042 2809 duo
2067 2776 2166 2818 paria
2190 2787 2267 2811 esse

292 2832 463 2873 videntur,
493 2833 588 2866 velut
620 2835 678 2876 12,
700 2836 721 2868 2
744 2837 837 2878 eyetis
858 2835 986 2879 alqetis,
1014 2845 1105 2878 opere
1120 2833 1212 2877 fame
1235 2835 1396 2875 laboratis,
1424 2843 1511 2875 quae
1535 2833 1618 2867 item
1642 2834 1762 2868 eodem
1786 2836 1930 2869 consilio
1956 2836 2187 2870 Baehrensius
2212 2837 2266 2871 de-

292 2893 473 2932 formavit3
497 2894 563 2927 duo
588 2895 688 2936 paria
711 2896 823 2929 voluit
846 2895 1016 2929 Minucius
1041 2895 1146 2928 etiam
1170 2905 1197 2928 c.
1213 2895 1267 2935 24,
1290 2896 1307 2927 1
1331 2895 1435 2927 sciunt
1456 2900 1579 2935 norunt,
1609 2895 1772 2929 inculcant
1792 2897 1943 2935 inciderim
1967 2906 2171 2938 quamquam
2197 2897 2267 2930 edi-

292 2959 387 2989 tores
411 2964 453 2988 ea
476 2964 545 2988 non
567 2954 701 2996 ferunt3
732 2960 769 2990 et
792 2967 896 2999 saepe
919 2956 1002 2990 alibi
1026 2956 1193 2990 Minucius
1227 2956 1354 2989 similia
1386 2956 1610 2998 comparavit,
1633 2958 1792 3000 imperant
1817 2964 1966 3000 reqncmt,
1994 2959 2113 3001 pallidi
2139 2960 2265 3001 trepidi,

290 3016 412 3060 patitur
442 3014 633 3058 dissimulat,
661 3018 716 3050 uri
742 3018 888 3059 cremari,
915 3018 1044 3051 mortuis
1071 3017 1226 3058 extinctis,
1255 3026 1342 3058 quae
1367 3016 1481 3050 omnia
1505 3021 1567 3051 aut
1591 3016 1695 3052 aliter
1720 3017 1940 3060 explicantur
1962 3023 2024 3052 aut
2048 3019 2262 3061 corrigendo.

295 3076 449 3117 delendo,
473 3076 731 3118 transponendo
756 3081 986 3111 removentur.

1958 3145 1979 3176 2
