2552 3470
1205 151 1296 190 ’10

272 274 400 315 genus
429 267 589 302 secutus
619 266 682 302 est
709 274 789 314 quo
807 260 988 301 Iustinus
1016 260 1140 301 utitur
1160 273 1251 301 cum
1273 261 1415 301 scribit
1433 259 1516 313 (43,
1541 262 1576 313 1,
1601 262 1670 313 12)
1691 276 1777 302 oum
1798 263 1949 303 Aeneae
1967 263 2054 302 iure
2077 262 2265 302 victoriae

273 342 440 386 utroque
472 334 624 387 populo
660 335 878 386 potiretur,
916 332 1053 372 urbem
1086 347 1134 372 ex
1166 334 1322 372 nomine
1355 335 1493 372 uxoris
1524 333 1741 373 Lavinium
1776 335 1967 383 condidit,
2002 340 2043 372 et
2075 332 2264 385 Hyginus

273 405 354 445 fab.
379 405 458 445 186
485 413 584 445 extr.
607 406 679 457 qui
704 406 748 444 in
770 405 1017 457 Propontide
1045 419 1093 444 ex
1121 418 1191 444 euo
1220 406 1378 444 nomine
1407 406 1665 444 condiderunt
1683 405 1856 445 Boeotus
1882 407 2095 454 Boeotiam,
2117 405 2264 443 Aeolus

274 475 516 526 Aeoliam*).
561 475 733 516 Accedit
755 475 859 529 quod
883 475 1098 527 Minucius,
1130 475 1197 529 qui
1229 475 1329 517 haec
1359 490 1460 529 quae
1481 475 1621 517 scribit
1640 473 1702 527 (4)
1722 476 1910 517 latebram
1928 491 2039 516 cuam
2059 476 2165 529 quod
2183 483 2264 515 tuto

278 550 454 589 latuisset
482 550 620 588 vocari
644 548 787 587 maluit
815 547 978 587 Latium
1007 562 1058 587 ex
1087 547 1267 601 Vergilio
1298 549 1470 602 sumpsit
1498 548 1565 602 qui
1596 547 1694 587 dicit
1722 546 1843 600 (Aen.
1866 549 1903 600 8,
1936 545 2033 600 322)

1283 620 1520 673 Latiumque
1547 621 1684 659 vocari

675 692 818 732 maluit
844 692 905 731 hia
935 693 1126 744 quoniam
1155 693 1331 731 latuisset
1358 700 1463 731 tutuo
1490 694 1533 730 in
1563 694 1656 740 orie,

277 764 397 804 etiam
427 763 509 815 illa,
541 764 574 804 si
606 777 746 804 verum
775 769 838 803 est
866 762 972 816 quod
1002 764 1300 816 proposuimus,
1337 762 1387 803 ad
1418 763 1643 815 exemplum
1674 763 1952 815 Vergilianum
1982 764 2108 804 videri
2139 770 2269 816 potest

278 836 561 888 conformasse,
594 835 700 889 apud
731 849 850 889 quem
881 834 1020 874 eodem
1050 841 1188 875 tenore
1217 833 1339 887 (Aen.
1370 835 1406 885 8,
1424 831 1524 886 357)
1553 833 1653 874 haec
1680 833 1880 875 habentur

679 908 783 947 lianc
812 908 936 947 Ianua
961 916 1092 961 pater,
1123 909 1226 947 lianc
1255 908 1454 948 Saturnus
1483 908 1662 947 condidit
1687 907 1833 959 urbem,

679 980 902 1020 Ianiculum
931 979 1035 1029 huic,
1064 980 1132 1019 illi
1146 980 1291 1032 fuerat
1319 979 1511 1019 Saturnia
1538 993 1689 1019 nomen.

281 1051 485 1103 Quantam
507 1058 640 1092 autem
668 1051 984 1091 familiaritatem
1004 1051 1207 1092 Minucius
1238 1066 1327 1091 cum
1347 1050 1514 1103 Vergilii
1545 1051 1791 1092 carminibus
1822 1053 2076 1103 contraxerit,
2108 1053 2172 1093 vel
2202 1053 2272 1092 illa
2291 1051 2300 1058 ’

282 1125 521 1165 documento
552 1131 646 1164 sunt
674 1137 776 1176 quae
803 1137 835 1163 c.
861 1123 922 1172 19,
948 1125 983 1163 1.
1000 1124 1024 1163 2
1061 1123 1247 1175 exponit:
1289 1123 1337 1163 de
1367 1124 1511 1175 quibus
1542 1124 1636 1176 quia
1665 1123 1847 1163 videmus
1878 1137 1967 1162 cum
1993 1125 2044 1163 ab
2071 1124 2160 1163 aliis
2187 1132 2269 1163 tum

281 1211 306 1236 a
325 1196 549 1237 novissimo
571 1195 722 1235 editore
742 1208 882 1247 parum
908 1200 1015 1234 recte
1036 1194 1218 1245 iudicari,
1241 1195 1283 1234 in
1305 1200 1535 1235 transcursu
1555 1194 1733 1234 dicemus
1755 1194 1941 1235 breviter.
1998 1195 2159 1235 Etenim
2181 1209 2270 1235 cum

282 1269 339 1309 ita
368 1268 476 1308 dicat
503 1267 705 1308 Minucius

614 1340 748 1380 Audio
766 1346 905 1392 poetae
925 1353 1080 1392 quoque
1104 1353 1225 1378 unum
1250 1347 1405 1392 patrem
1433 1340 1567 1379 divum
1591 1346 1709 1392 atque
1727 1340 1927 1379 hominum
1943 1340 2218 1393 praedicantes
2238 1348 2274 1380 et

616 1412 733 1451 talem
752 1425 832 1450 esee
851 1412 1075 1450 mortalium
1094 1419 1259 1451 mentem
1274 1412 1428 1465 qualem
1437 1425 1587 1466 parens
1608 1412 1780 1451 omnium
1800 1412 1902 1452 diem
1921 1413 2132 1452 induxerit.
2166 1412 2273 1462 Quid

616 1485 862 1524 Mantuanue
881 1485 1026 1523 Maro?
1053 1498 1184 1523 nonne
1212 1486 1390 1537 apertius
1417 1485 1640 1536 proximius
1668 1486 1799 1523 verine
1822 1486 2027 1537 principio
2048 1486 2106 1524 ait
2124 1485 2274 1524 caelum

617 1570 664 1595 ao
683 1563 809 1595 terrae
829 1562 866 1595 et
883 1562 1009 1594 cetera
1028 1556 1170 1594 mundi
1186 1554 1360 1594 membra
1378 1556 1542 1607 epiricus
1569 1557 1677 1594 intus
1706 1556 1779 1594 alit
1798 1563 1835 1595 et
1852 1556 1989 1605 infusa
2008 1570 2114 1595 mene
2133 1558 2271 1608 aqitat,

541 1635 563 1668 5
619 1628 711 1673 inde
730 1627 931 1667 hominum
949 1628 1220 1679 pecudumque
1236 1640 1360 1679 yenue
1379 1634 1414 1666 et
1433 1628 1623 1679 quicquid
1641 1627 1754 1666 aliud
1778 1627 2035 1667 animalium?
2064 1627 2174 1667 Idem
2193 1628 2273 1667 alio

618 1699 702 1740 loco
730 1706 895 1740 mentem
922 1700 1040 1739 istam
1069 1706 1106 1739 et
1133 1699 1321 1752 spiritum
1351 1700 1463 1739 deum
1490 1700 1677 1739 nominat.
1709 1699 1804 1739 haec
1831 1701 1914 1739 eiue
1942 1700 2061 1740 cerba
2088 1707 2179 1739 eunt

1223 1771 1337 1810 deum
1365 1784 1532 1823 namque
1559 1771 1619 1810 ire
1640 1784 1719 1824 per
1747 1785 1877 1810 omnee

684 1850 887 1895 terraeque
915 1850 1139 1894 tractueque
1167 1844 1291 1881 marie
1321 1842 1544 1895 caelumque
1571 1842 1833 1895 profundum,

686 1915 791 1954 unde
817 1914 992 1954 homines
1021 1922 1056 1953 et
1082 1915 1264 1967 pecudes,
1295 1915 1399 1953 unde
1425 1914 1548 1953 imber
1576 1922 1612 1953 et
1638 1916 1763 1967 iqnee,

527 1994 568 2027 10
627 1985 736 2036 Quid
763 1986 877 2026 aliud
905 1993 940 2026 et
968 2001 994 2025 a
1021 1985 1134 2025 nobie
1164 1986 1274 2034 deuo,
1306 1999 1424 2038 quam
1452 1999 1557 2025 mene
1586 1993 1621 2026 et
1639 1988 1742 2026 ratio
1769 1993 1805 2026 et
1824 1988 1987 2040 spiritus
2006 1988 2273 2040 praedicatur,

288 2059 463 2113 priorem
479 2060 599 2099 istum
614 2059 747 2099 locum
757 2059 875 2112 paulo
892 2059 1056 2098 liberius
1072 2058 1259 2097 formavit
1274 2057 1323 2097 ad
1341 2071 1388 2097 ea
1403 2071 1504 2110 quae
1519 2059 1559 2097 in
1568 2058 1770 2098 Aeneidos
1788 2065 1900 2099 sexto
1916 2058 2103 2110 leguntur
2117 2073 2141 2099 a
2156 2060 2277 2100 v.7·24

682 2133 888 2184 principio
918 2131 1068 2170 caelum
1095 2145 1143 2169 ac
1171 2138 1296 2169 terras
1324 2144 1558 2183 campoeque
1586 2132 1774 2184 liquentes

690 2203 952 2257 lucentemque
978 2202 1138 2256 qlobum
1167 2203 1284 2242 lunae
1318 2201 1554 2255 Titaniaque
1582 2211 1691 2242 aetra

688 2277 853 2329 cpim'tue
882 2276 989 2314 intus
1018 2274 1089 2313 alit
1118 2281 1315 2327 totamque
1341 2273 1480 2325 infusa
1506 2287 1578 2327 per
1606 2281 1716 2314 artua

690 2361 797 2387 mene
826 2349 953 2400 aqitat
979 2347 1118 2386 molem
1148 2354 1184 2386 et
1211 2360 1355 2399 maqno
1384 2359 1424 2384 ee
1452 2359 1614 2398 corpore
1641 2347 1785 2386 miscet.

690 2420 782 2458 inde
810 2419 1012 2459 hominum
1033 2419 1309 2471 pecudumque
1334 2431 1458 2468 qenue
1487 2419 1663 2470 vitaeqd'e
1689 2418 1890 2460 volantum

691 2499 727 2530 et
756 2504 857 2543 quae
886 2503 1104 2530 marmoreo
1122 2489 1213 2540 fert
1239 2496 1416 2528 momtra
1445 2488 1514 2527 sub
1545 2502 1712 2542 aequore
1737 2498 1893 2542 pontus,

295 2565 465 2605 alterum
494 2577 613 2616 quem
643 2562 694 2602 ad
728 2562 889 2602 verbum
920 2561 1035 2601 affert
1065 2561 1236 2615 sumpsit
1266 2575 1315 2600 ex
1345 2558 1570 2613 Georgicon
1601 2567 1742 2614 quarto
1772 2559 1889 2613 (221)

1228 2634 1342 2671 deum
1371 2645 1539 2684 namque
1565 2634 1624 2671 ire
1647 2646 1724 2686 per
1752 2636 1883 2672 omnia

693 2712 895 2757 terraeque
923 2712 1147 2756 tractusque
1174 2706 1296 2743 marie
1326 2703 1556 2756 caelumque⁴
1575 2705 1843 2757 profundum:

693 2778 785 2818 hinc
809 2778 990 2831 pecudes,
1022 2784 1210 2826 armenta,
1241 2778 1359 2826 viros,
1388 2790 1511 2830 qenue
1541 2791 1650 2818 omne
1666 2778 1875 2830 ferarum,-

495 2892 526 2935 *)
550 2892 591 2927 In
622 2891 768 2936 Origine
798 2891 914 2936 gentis
943 2891 1120 2926 Romanae
1145 2892 1235 2935 quod
1259 2891 1425 2927 scribitur
1448 2902 1475 2926 c.
1492 2892 1524 2934 9,
1541 2892 1561 2926 4
1585 2893 1751 2937 (Aeneam)
1775 2894 1897 2928 Aenum
1926 2904 1965 2926 ex
1987 2904 2041 2926 suo
2064 2894 2186 2928 nomine
2207 2906 2280 2928 con-

299 2956 416 2988 didisse
439 2955 483 2988 ad
508 2954 728 2996 superiorum
750 2964 849 2987 usum
874 2954 1059 2986 formatum
1085 2958 1150 2988 est.
1186 2955 1347 2987 Ceterum
1372 2953 1542 2986 Minucius
1566 2955 1656 2996 quod
1679 2955 1717 2988 de
1739 2965 1794 2988 ouo
1816 2955 1938 2988 nomine
1961 2953 2083 2987 maluit
2105 2964 2206 2996 quam
2230 2965 2280 2997 ex,

299 3015 476 3049 adamavit
499 3015 591 3049 illam
615 3025 699 3058 prae
732 3015 798 3049 hac
828 3014 1122 3058 praepositionem
1146 3014 1251 3048 etiam
1276 3014 1371 3057 alibi,
1396 3015 1488 3049 velut
1511 3025 1537 3048 c.
1556 3016 1608 3055 20,
1624 3015 1661 3054 4;
1686 3016 1738 3055 21,
1758 3017 1814 3057 10;
1839 3015 1891 3056 25,
1908 3015 1929 3048 5
1952 3015 1991 3048 de
2014 3016 2169 3049 manubiis
2192 3019 2228 3049 et
2251 3027 2280 3050 c.

301 3079 354 3120 (ex
376 3077 543 3117 manubiis,
567 3086 607 3109 ex
626 3076 764 3120 praeda,
786 3075 878 3118 apud
902 3075 1049 3109 Gellium
1075 3076 1125 3117 13,
1144 3076 1217 3115 25);
1240 3076 1293 3116 33,
1311 3076 1341 3108 3.
