2552 3470
1254 114 1305 154 16

272 238 403 277 parva
439 233 474 264 et
508 226 682 264 maxima
715 232 918 276 tamquam
952 223 1072 263 stellis
1108 231 1224 275 atque
1252 224 1446 263 sideribus
1475 224 1626 262 evincta
1654 224 1764 270 ἀνείς
1799 222 1971 275 denique
2000 222 2198 275 Ulpianus
2227 225 2269 262 in

277 295 459 348 Digestis
479 295 810 336 Mommsenianis
834 298 853 335 1
878 309 916 348 p.
937 294 1003 346 89,
1026 295 1051 335 2
1071 296 1127 335 ita
1147 295 1302 335 demum
1321 295 1535 348 transferri
1551 310 1577 335 a
1591 302 1777 348 praetore
1797 295 1988 335 iudicium
2002 296 2267 349 permittatur,

276 370 314 407 si
341 370 430 422 quis
459 370 591 408 omnia
619 368 762 408 iudicii
789 367 838 407 ab
869 381 912 407 eo
942 367 1157 419 transferre
1180 375 1348 420 paratus
1374 370 1426 408 sit
1432 383 1445 416 ,-
1474 374 1638 407 ceterum
1657 369 1695 407 si
1712 367 1803 407 velit
1824 368 2019 420 quaedam
2038 367 2267 419 transferre,

279 442 473 494 quaedam
507 440 745 494 relinquere,
777 440 877 480 iuste
909 446 1146 493 procurator
1179 438 1282 480 hanc
1317 440 1621 481 inconstantiam
1648 438 1862 479 recusabit.-
1893 439 1952 480 sic
1980 440 2107 489 enim,
2138 441 2270 480 omnia

276 514 431 561 iudicii,
463 526 542 551 non
572 512 723 550 iudicia
753 517 860 550 recte
886 511 1007 550 scribi
1026 509 1270 550 Mommseni
1291 511 1495 552 adnotatio
1516 510 1670 564 probat.
1715 508 1872 560 Quodsi
1892 513 2006 565 reqni
2026 542 2035 551 .
2057 543 2066 552 .
2087 513 2271 552 universa.

278 584 457 624 Minucio
488 584 746 624 adimendum
777 598 857 623 non
889 590 959 633 est,
991 590 1123 622 actum
1155 590 1217 623 est
1247 584 1295 623 de
1317 584 1470 636 reliqua
1490 582 1779 632 emendatione,
1802 597 1876 622 nec
1897 583 2169 624 dubitabimus
2189 585 2269 623 iam

277 657 450 697 retinere
486 670 588 708 quae
624 662 719 696 sunt
753 656 793 695 in
831 655 965 694 codice
994 668 1102 706 reyes
1138 663 1266 694 tamen
1295 657 1410 707 reqni
1436 657 1500 693 sui
1524 669 1597 707 per
1627 654 1760 706 officia
1788 657 2058 694 ministrorum
2086 658 2270 695 universa

276 735 486 768 noverunt:
516 729 587 767 deo
617 728 779 767 indiciis
809 739 907 779 opus
936 738 1015 765 non
1045 732 1119 773 est3
1149 726 1191 765 in
1222 726 1367 779 quibus
1397 734 1521 766 tamen
1552 724 1749 778 particula
1777 724 1875 778 quid
1904 726 1981 766 sibi
2003 726 2111 776 velit,
2133 740 2269 779 quam—

278 814 397 853 quam
426 800 666 852 interpretes
696 812 777 837 non
810 798 993 836 videntur
1023 798 1289 850 perspexisse,
1319 798 1604 838 sententiarum
1632 798 1921 837 contrariarum
1941 798 2041 837 ratio
2062 798 2267 850 patefacit3

278 885 381 924 quae
411 885 517 910 nunc
548 872 666 923 plane
698 870 864 910 eandem
895 870 934 908 in
967 869 1047 908 vim
1078 870 1211 922 posita
1241 876 1302 910 est
1332 884 1450 923 quam
1480 868 1601 908 habet
1630 868 1734 921 apud
1757 866 1993 909 Ciceronem
2020 883 2108 909 cum
2129 870 2270 911 scribit

277 942 345 994 (de
381 949 463 982 nat.
487 943 596 981 deor.
621 944 656 992 1,
680 943 744 992 36,
771 938 865 991 101)
899 943 955 980 ita
992 941 1239 991 concludam,
1277 949 1403 981 tamen
1433 940 1563 980 beluas
1593 955 1619 979 a
1648 940 1829 980 barbaris
1855 948 2020 994 propter
2047 940 2270 993 beneficium

277 1022 535 1063 consecratas,
566 1022 782 1054 vestrorum
803 1014 963 1052 deorum
982 1027 1062 1052 non
1091 1015 1206 1053 modo
1241 1013 1463 1065 beneficium
1491 1013 1643 1052 nullum
1672 1020 1824 1053 exstare
1849 1014 1916 1052 sed
1935 1027 1983 1053 ne
2000 1013 2161 1065 factum
2180 1016 2268 1067 qui-

278 1089 364 1126 dem
394 1089 553 1126 omnino
562 1102 575 1134 ‚-
610 1087 674 1126 vel
704 1086 752 1125 de
783 1085 861 1124 div.
885 1087 921 1135 2,
945 1086 1009 1135 38,
1032 1086 1086 1125 80
1120 1085 1279 1124 Etrusci
1306 1094 1433 1125 tamen
1469 1085 1609 1124 habent
1643 1092 1847 1124 exaratum
1879 1099 2047 1139 puerum
2074 1093 2271 1126 auctorem

278 1160 516 1213 disciplinae
544 1173 658 1221 suap:
686 1173 757 1198 nos
788 1158 935 1211 quem?,
967 1164 1007 1197 et
1036 1158 1164 1198 Acad.
1187 1172 1245 1210 pr.
1270 1159 1307 1209 2,
1333 1159 1395 1208 19,
1418 1159 1481 1198 61.
1526 1158 1665 1210 Neque
1685 1158 1863 1197 insolens
1886 1165 1948 1198 est
1966 1159 2042 1197 iste
2067 1172 2161 1198 usus
2182 1173 2268 1210 par-

277 1231 436 1282 ticulae,
470 1231 581 1270 cuius
602 1222 772 1283 plurima
802 1235 895 1269 sunt
924 1229 1110 1282 exempla
1139 1229 1203 1268 vel
1233 1228 1339 1282 apud
1360 1228 1534 1278 Livium,
1564 1228 1632 1281 qui
1662 1228 1719 1268 ita
1748 1228 1889 1269 scribit
1918 1229 1983 1280 28,
2008 1229 2071 1280 27,
2095 1229 2120 1269 5
2150 1237 2186 1269 et
2206 1230 2272 1270 illi

278 1312 406 1342 tamen
436 1303 698 1341 Mandonium
726 1309 843 1354 atque
864 1300 1073 1339 Indibilem
1102 1301 1220 1339 duces
1238 1301 1402 1352 suroris
1421 1302 1540 1339 secuti
1557 1307 1659 1350 sunt,
1680 1313 1746 1340 vos
1766 1302 1988 1353 auspicium
2008 1308 2043 1341 et
2060 1302 2268 1354 imperium

279 1377 334 1414 ad
376 1374 562 1414 Umbrum
596 1374 753 1413 Atrium
793 1381 827 1412 et
864 1372 1049 1412 Calenum
1087 1373 1251 1410 Albium
1293 1373 1503 1418 detulistis3
1539 1379 1607 1410 aut
1642 1373 1679 1422 5,
1708 1374 1773 1422 51,
1811 1373 1835 1411 3
1870 1380 1905 1411 et
1939 1386 2025 1411 cum
2059 1372 2270 1411 victoribus

282 1446 414 1490 Gallis
444 1454 560 1499 capta
579 1453 660 1486 tota
679 1444 773 1485 urbe
793 1443 1033 1498 Capitolium
1053 1452 1181 1484 tamen
1202 1452 1320 1497 atque
1339 1459 1466 1484 arcem
1486 1445 1619 1497 diique
1640 1452 1675 1484 et
1692 1444 1864 1484 homines
1886 1445 2060 1485 Romani
2078 1447 2271 1484 tenuerint

279 1519 561 1565 habitaverint,
597 1517 807 1557 victoribus
837 1517 1029 1556 Romanis
1057 1523 1292 1570 recuperata
1320 1516 1415 1556 urbe
1443 1530 1517 1555 arx
1546 1528 1699 1568 quoque
1728 1523 1763 1555 et
1791 1515 2030 1569 Capitolium
2061 1517 2266 1557 deseretur.

282 1590 473 1631 Ceterum
502 1590 607 1643 apud
637 1590 859 1629 Minucium
890 1589 1087 1641 particula
1116 1602 1206 1628 eum
1236 1589 1368 1629 locum
1399 1588 1551 1628 obtinet
1577 1601 1695 1640 quem
1716 1587 1821 1640 apud
1843 1586 2079 1628 Ciceronem
2098 1586 2165 1639 (de
2186 1595 2264 1629 nat.

281 1662 388 1703 deor.
410 1662 436 1702 l.
459 1660 523 1713 c.),
560 1676 640 1702 non
678 1668 720 1701 ut
754 1661 890 1701 addita
927 1661 980 1701 sit
1014 1661 1051 1700 ei
1087 1661 1174 1700 voci
1213 1661 1276 1700 cui
1313 1661 1491 1711 inservit,
1528 1660 1596 1700 sed
1633 1668 1677 1699 ut
1711 1667 1835 1700 totam
1867 1661 1997 1713 potius
2028 1663 2268 1701 sententiam

280 1734 555 1787 amplectatur.
597 1732 747 1773 Verum
777 1732 881 1785 apud
902 1732 1123 1771 Minucium
1145 1733 1220 1771 erit
1249 1731 1419 1772 fortasse
1448 1732 1515 1785 qui
1545 1732 1585 1771 in
1616 1732 1692 1772 isto
1723 1732 1861 1772 ordine
1882 1733 2073 1773 orationis
2095 1747 2184 1773 cum
2204 1734 2267 1774 bis

281 1807 542 1856 seiungantur
582 1820 684 1858 quae
726 1806 913 1857 coniungi
949 1806 1158 1858 oportebat
1193 1805 1371 1844 offendat
1405 1818 1571 1857 eumque
1607 1805 1754 1844 nostris
1788 1805 2011 1845 rationibus
2046 1819 2268 1859 repugnare

279 1880 414 1919 instet.
461 1876 539 1918 Cui
568 1878 741 1930 primum
772 1877 1071 1916 concedendum
1101 1884 1162 1916 est
1191 1878 1370 1929 potuisse
1401 1876 1498 1915 haec
1527 1891 1573 1915 ea
1602 1877 1703 1916 serie
1734 1877 1910 1916 ordinari
1931 1891 2049 1929 quam
2070 1879 2269 1917 sententia

280 1950 542 2002 monstrabat,
567 1963 676 2003 reyes
706 1957 834 1990 tamen
860 1963 936 2003 per
965 1948 1098 2002 officia
1127 1950 1398 1990 ministrorum
1425 1950 1538 2001 requi
1555 1951 1619 1989 sui
1637 1951 1821 1989 universa
1840 1959 2049 1997 noverunt3
2071 1950 2139 1990 sed
2162 1951 2268 2003 quod

281 2024 404 2064 verba
430 2036 505 2077 per
534 2022 667 2075 officia
691 2023 973 2073 ministrorum,
996 2022 1037 2061 in
1059 2021 1204 2075 quibus
1225 2020 1383 2075 pondus
1405 2028 1466 2062 est
1485 2022 1716 2072 sententiae,
1740 2021 1873 2062 media
1891 2022 1995 2062 inter
2016 2022 2269 2063 cohaerentia

280 2096 351 2136 illa
377 2096 492 2148 reqni
518 2096 610 2135 sui.
636 2127 643 2134 .
665 2095 850 2134 universa
879 2094 1117 2146 interposita
1146 2100 1250 2144 sunt,
1283 2108 1363 2133 non
1395 2093 1584 2132 minuitur
1610 2094 1671 2133 vis
1692 2093 1762 2133 sed
1784 2095 2005 2145 extollitur,
2027 2103 2066 2134 et
2086 2096 2267 2135 videmus

280 2167 503 2208 Minucium
539 2166 699 2220 saepius
736 2165 954 2206 secundum
993 2180 1129 2206 casum
1166 2181 1190 2206 a
1224 2180 1296 2206 suo
1334 2165 1495 2205 nomine
1532 2166 1778 2219 interpositis
1813 2166 1903 2207 aliis
1933 2181 2013 2206 non
2043 2167 2267 2208 inconsulto

282 2253 479 2292 separare,
513 2239 621 2277 velut
651 2252 684 2277 c.
710 2239 772 2288 19,
796 2240 822 2277 4
850 2240 958 2277 vides
992 2239 1221 2291 philosophi
1247 2238 1487 2291 principalis
1515 2238 1714 2277 nobiscum
1737 2241 1898 2293 penitus
1928 2241 2150 2292 opinionem
2178 2254 2267 2280 con-

282 2326 435 2360 sonare,
473 2318 542 2350 aut
575 2311 727 2350 ibidem
761 2312 812 2350 14
847 2325 949 2363 quae
982 2319 1061 2350 tota
1090 2319 1185 2350 esset
1213 2312 1387 2350 caelestis
1415 2313 1496 2349 nisi
1519 2313 1789 2363 persuasionis
1819 2312 1945 2351 civilis
1973 2326 2269 2365 nonnumquam

282 2385 522 2423 admixtione
555 2384 800 2422 sordesceret.
857 2380 972 2431 Quae
1007 2383 1188 2433 vulgaria
1228 2390 1322 2422 sunt
1362 2383 1589 2434 neminique
1625 2384 1895 2437 suspicionem
1930 2391 2108 2435 movent,
2144 2386 2267 2424 immo

282 2455 453 2496 fortasse
484 2461 527 2494 ut
556 2455 712 2508 egregie
741 2454 912 2495 formata
941 2454 1164 2496 laudantur.
1211 2453 1291 2496 Sed
1321 2454 1428 2495 idem
1459 2469 1547 2495 cum
1573 2456 1778 2509 scripserit
1797 2453 1998 2509 (putamus
2019 2457 2126 2497 enim
2147 2458 2267 2510 scrip-

283 2526 404 2579 sisse)
434 2542 467 2568 ο.
492 2528 554 2579 18,
578 2528 603 2568 6
630 2530 766 2580 qenem'
794 2535 828 2567 et
856 2530 982 2568 soceri
1010 2527 1109 2568 bella
1138 2536 1215 2568 toto
1246 2528 1336 2568 orbe
1365 2527 1511 2580 diffusa
1538 2536 1639 2578 sunt,
1670 2536 1707 2568 et
1732 2536 1812 2568 tam
1840 2531 1978 2582 mayni
1992 2531 2154 2583 imperii
2170 2531 2268 2570 duos

270 2602 447 2653 fortuna
480 2615 559 2640 non
590 2602 705 2654 cepit,
742 2601 949 2641 novissimi
981 2615 1032 2640 ex
1061 2601 1256 2641 arbitratu
1288 2600 1517 2640 vetustioris
1547 2601 1796 2654 praecipiunt
1824 2601 2005 2642 ordinem
2033 2601 2267 2641 mutandum

283 2687 382 2724 esse,
415 2680 495 2712 tam
523 2674 661 2725 maqni
686 2674 848 2726 imperii
868 2673 1041 2725 fortuna
1070 2674 1167 2713 duos
1195 2687 1276 2713 non
1304 2674 1416 2726 cepit.
1463 2670 1639 2722 Quidni?
1668 2672 1855 2713 Lucanus
1885 2674 1942 2713 ait
1969 2672 2024 2725 (l,
2049 2671 2145 2725 110)
2173 2674 2268 2714 Non

284 2748 384 2797 cepit
400 2746 576 2796 fortuna
606 2746 697 2792 duo,
729 2751 768 2783 et
796 2745 937 2784 Florus
969 2746 1005 2795 2,
1032 2747 1082 2785 13
1103 2746 1157 2797 (p.
1181 2747 1245 2795 96,
1269 2746 1293 2784 2
1314 2742 1449 2794 Iahn.)
1474 2752 1673 2797 tamquam
1693 2747 1789 2784 duos
1810 2747 1912 2784 tanti
1927 2747 2089 2798 imperii
2094 2745 2267 2796 fortuna

282 2831 363 2856 non
397 2825 563 2870 caperet.
608 2815 688 2856 His
724 2816 832 2856 enim
867 2817 965 2857 locis
1001 2818 1087 2870 ipse
1123 2817 1222 2857 adeo
1252 2817 1440 2856 Halmius
1472 2831 1565 2856 usus
1602 2823 1663 2856 est
1698 2822 1740 2855 ut
1768 2817 1888 2856 istam
1917 2817 2147 2868 opinionem
2176 2818 2265 2857 sub-

283 2888 446 2929 levaret.
490 2887 644 2928 Eamne
678 2887 801 2940 igitur
836 2888 886 2928 ob
923 2903 1083 2929 causam
1113 2889 1292 2929 Minucio
1328 2903 1407 2928 non
1443 2888 1590 2928 licebat
1624 2889 1797 2929 scribere
1833 2897 1913 2928 tam
1948 2890 2084 2940 maqni
2109 2891 2270 2941 imperii

285 2961 383 3001 duos
400 2959 575 3012 fortuna
603 2973 681 3000 non
712 2961 831 3013 cepit,
863 2965 902 2999 et
932 2958 1038 3000 docti
1068 2960 1250 3001 homines
1280 2975 1329 3000 ne
1360 2960 1539 3001 sentiunt
1567 2960 1727 3014 quidem
1759 2975 1827 3000 cur
1856 2960 1931 3000 hoc
1960 2960 2027 3000 ille
2057 2961 2266 3002 maluerit?

285 3031 365 3081 Qui
397 3033 431 3071 si
462 3033 539 3072 sibi
570 3032 856 3082 constitissent,
885 3032 1054 3072 eundem
1074 3038 1207 3072 vetare
1229 3032 1430 3073 debebant
1449 3032 1622 3073 scribere
1643 3045 1744 3086 quae
1766 3046 1797 3072 c.
1821 3032 1885 3084 29,
1910 3033 1929 3071 1
1953 3031 2138 3084 leguntur
2155 3032 2266 3073 nobis
