2552 3470
1227 104 1300 149 '21

288 219 481 257 hominem
498 220 682 271 iqnarum
702 219 937 270 astroloqiae
957 219 1218 258 ornatissimis
1238 225 1355 270 atque
1375 219 1532 271 optimis
1552 218 1725 257 versibus
1744 217 1913 258 Aratum
1933 218 1980 258 de
2000 218 2106 257 caelo
2126 218 2265 257 stellis-

290 302 363 340 que
391 289 556 336 dz‘scisse3
589 288 687 328 ibid.
709 289 751 339 2,
768 288 812 338 3,
832 289 884 328 10
911 290 991 328 sive
1019 290 1166 328 iudicio
1195 296 1237 328 ut
1265 289 1364 328 soles
1392 290 1519 328 dicere
1547 290 1627 327 sive
1654 296 1697 328 ut
1723 289 1789 328 ille
1808 297 1925 342 pater
1953 289 2192 342 eloquentiae
2219 290 2267 328 de

288 374 329 399 se
349 360 540 400 leocrates
567 362 728 413 scripsit
754 362 849 413 ipse,
875 362 1031 413 pudore
1059 375 1085 399 a
1113 361 1275 399 dicendo
1296 390 1304 399 .
1328 390 1337 398 .
1358 360 1562 413 refuyisti5
1591 361 1659 399 ubi
1688 374 1833 399 nomen
1859 360 2065 413 Kayserus
2095 360 2264 410 induxit,

290 431 467 471 defendit
502 430 696 482 Sorofius3
734 431 851 472 Tusc.
882 432 983 485 disp.
1008 434 1041 479 1,
1063 433 1124 483 18,
1141 433 1192 471 41
1229 433 1297 471 sed
1327 432 1391 471 hic
1425 433 1581 485 quidem
1610 429 1914 483 (Aristoxenum
1945 432 2057 481 dicit)
2088 433 2267 485 quamvis

289 504 463 543 eruditus
481 506 542 555 sit,
564 505 621 543 sic
640 512 683 544 ut
696 512 763 554 est,
783 504 877 544 haec
890 505 1077 557 maqistro
1098 505 1281 543 concedat
1293 504 1512 549 Aristoteli,
1532 517 1670 543 canere
1687 505 1772 557 ipse
1787 505 1938 552 doceat3
1960 505 2056 544 ibid.
2074 505 2110 555 3,
2132 504 2194 554 15,
2214 504 2262 544 31

288 575 351 614 hic
371 583 425 615 est
444 577 545 615 enim
569 576 636 616 ille
664 576 791 616 vultus
820 590 971 630 semper
998 577 1101 616 idem
1131 590 1244 629 quem
1273 577 1418 616 dicitur
1446 576 1679 631 Xanthippe
1706 578 1938 630 praedicare
1965 578 2080 618 solita
2109 579 2152 617 in
2180 579 2266 617 viro

289 661 358 687 suo
382 648 511 698 fuisse
532 648 708 697 Socrate,
740 648 843 703 quod
873 662 924 688 ne
946 647 993 689 C.
1011 648 1056 689 F.
1072 648 1134 689 W.
1156 648 1372 689 Muellerus
1403 648 1564 703 quidem
1593 648 1870 703 perferendum
1902 650 2024 701 duxit,
2057 649 2126 690 sed
2157 649 2267 690 nulla

289 727 400 771 parte
432 721 567 772 dispar
596 728 657 759 est
686 722 827 759 ceteris
859 727 898 759 et
926 734 1113 759 numerus
1144 721 1335 759 orationis
1366 721 1530 773 requirit
1558 735 1704 760 nomen
1734 721 1948 770 adiectum3
1981 722 2028 760 de
2055 728 2135 760 nat.
2157 721 2263 760 deor.

289 792 331 840 2,
350 791 418 842 34,
437 792 491 832 88
521 806 639 844 quam
667 806 793 844 nuper
811 792 1036 844 familiaris
1064 800 1194 831 noster
1222 792 1345 843 effecit
1372 793 1634 839 Posidonius,-
1670 793 1766 831 ibid.
1789 793 1826 842 3,
1851 794 1915 842 32,
1938 793 1993 831 80
2021 807 2091 830 cur
2118 794 2266 832 sodalis

287 876 392 901 meus
419 863 643 914 interfectus
673 865 781 902 domi
807 877 900 902 suae
919 863 1103 902 Drusus?
1131 877 1201 902 cur
1229 865 1505 916 temperantiae
1533 865 1725 916 specimen
1754 871 1843 902 ante
1866 865 2118 902 simulacrum
2138 865 2266 904 Vestae

285 935 466 987 pontifex
494 937 689 976 maximus
724 944 779 976 est
806 936 860 975 M.
887 933 1076 975 Scaevola
1111 936 1353 975 trucidatus?
1387 936 1437 976 81
1470 950 1541 975 cur
1569 938 1742 975 omnium
1770 937 2061 976 crudelissimus
2090 945 2168 977 tam
2196 939 2265 976 diu

289 1005 415 1046 Cinna
442 1008 644 1060 reynavit?
687 1007 766 1048 Sed
796 1021 845 1047 ne
875 1007 914 1046 in
945 1021 1024 1047 uno
1045 1005 1239 1048 Cicerone
1270 1006 1513 1059 haereamus,
1547 1007 1657 1048 cuius
1688 1007 1813 1048 multa
1832 1007 1923 1048 addi
1947 1006 2169 1061 possunt*)‚
2201 1007 2265 1047 Li—

288 1080 450 1120 vianum
479 1094 602 1120 unum
631 1080 879 1134 apponimus,
902 1080 966 1132 27,
986 1080 1050 1131 34,
1069 1080 1090 1121 7
1121 1080 1242 1120 donec
1270 1081 1428 1133 coartati
1453 1079 1620 1121 hominis
1650 1094 1736 1121 eum
1755 1095 1874 1121 causa
1895 1081 1950 1121 M.
1974 1080 2084 1121 Isivii
2102 1080 2265 1131 Macati,

288 1153 503 1203 cumfama
523 1155 604 1190 eius
624 1160 816 1204 ayeretur,
837 1160 1000 1190 stantem
1019 1154 1142 1206 coeqit
1168 1154 1213 1190 in
1240 1160 1375 1189 senatu
1403 1154 1631 1190 sententiam
1660 1154 1800 1205 dicere,
1826 1167 1946 1191 unum
1968 1154 2088 1192 etiam
2108 1153 2264 1205 Iustini,

288 1228 325 1273 5,
343 1228 379 1273 6,
400 1229 452 1264 10
481 1228 745 1264 crudelitatem
774 1229 917 1263 civium
949 1234 1119 1263 metuens·
1153 1240 1240 1262 cum
1274 1234 1356 1262 octo
1387 1227 1551 1262 navibus
1586 1228 1639 1262 ad
1671 1239 1799 1276 reqem
1829 1227 2067 1277 Cypriorum
2095 1227 2268 1261 concedit

288 1295 530 1350 Euayoram.

486 1367 555 1408 Ad
573 1366 797 1408 Minucium
828 1367 989 1408 tandem
1018 1374 1062 1407 ut
1090 1366 1310 1418 redeamus,
1343 1367 1493 1407 satisne
1515 1368 1835 1407 existimabimur
1855 1369 2053 1420 explicato
2086 1384 2158 1408 usu
2187 1370 2266 1407 late

287 1445 448 1494 patente
468 1441 582 1481 tutati
606 1454 693 1481 csse
714 1440 836 1481 verba
866 1440 950 1480 eius
981 1441 1231 1493 turpissimae
1254 1440 1420 1493 pecudis
1449 1448 1568 1493 caput
1596 1441 1725 1480 asini?
1761 1438 1841 1489 Qui
1871 1439 2031 1492 quidem
2062 1440 2178 1480 nobis
2209 1440 2265 1479 vi-

289 1511 413 1563 detur,
446 1512 540 1565 quia
569 1512 678 1563 scite,
710 1525 787 1565 quo
818 1518 903 1551 erat
931 1511 1070 1552 subtili
1100 1512 1320 1564 elegantiae
1351 1526 1482 1563 sensu,
1515 1526 1630 1551 suum
1660 1512 1842 1565 apposito
1872 1511 2002 1551 locum
2033 1509 2264 1563 assignavit,

287 1584 537 1636 iniquissime
567 1584 813 1637 vituperatus
844 1598 931 1623 esse
962 1598 985 1622 a
1014 1582 1142 1623 doctis
1173 1590 1212 1622 et
1241 1590 1351 1635 parte
1382 1582 1552 1636 quadam
1584 1598 1656 1623 sua
1685 1584 1890 1636 spoliatus.

482 1667 567 1695 vm.
612 1655 752 1694 Finem
782 1655 950 1694 facimus
980 1655 1262 1707 disputationis
1282 1655 1535 1694 Minucianae
1557 1656 1597 1693 in
1619 1654 1797 1694 Platone.
1844 1653 1969 1695 Cuius
1991 1655 2030 1694 in
2053 1654 2265 1694 Phaedone

288 1741 377 1765 cum
406 1727 532 1765 multa
560 1728 764 1779 praeclara
792 1733 886 1765 sunt
914 1734 998 1764 tum
1027 1727 1098 1765 illa
1127 1740 1228 1779 quae
1258 1727 1484 1777 gratissimo
1514 1727 1647 1779 lepore
1679 1725 1864 1765 Socrates
1896 1727 1944 1765 de
1975 1727 2105 1766 causis
2132 1733 2171 1765 et
2191 1728 2264 1766 ori-

286 1800 446 1850 ginibus
475 1801 704 1850 μισολογίας
733 1806 773 1838 et
801 1803 1110 1848 μισανθρωπίας
1141 1799 1371 1850 exsequitur
1399 1799 1438 1837 h.
1461 1813 1493 1837 e.
1516 1813 1742 1837 sermonum
1773 1799 1853 1837 odii
1884 1806 1923 1837 et
1953 1799 2033 1837 odii
2060 1799 2262 1837 hominum

287 1871 448 1923 paribus
470 1870 670 1911 radicibus
691 1870 952 1910 nascentium.
989 1869 1052 1910 Ex
1072 1884 1150 1922 qua
1170 1875 1281 1921 parte
1302 1870 1496 1910 sermonis
1517 1885 1642 1922 pauca
1663 1871 1875 1921 selegimus
1896 1884 1997 1923 quae
2018 1884 2108 1909 cum
2128 1877 2262 1909 nostro

287 1943 452 1982 consilio
475 1943 685 1982 coniuncta
705 1948 814 1982 sunt:
846 1942 1017 1995 primum
1037 1942 1117 1992 illa,
1140 1956 1190 1981 ex
1209 1942 1353 1994 quibus
1375 1943 1531 1981 occasio
1553 1943 1606 1981 rei
1630 1943 1893 1993 cognoscitur,
1917 1956 1954 1995 p.
1974 1942 2063 1992 138,
2087 1943 2136 1982 27
2169 1940 2260 1981 Sch.

614 2015 757 2061 πάντες
791 2013 864 2056 οὖν
898 2013 1136 2060 ἀκούσαντες
1172 2014 1366 2055 εἷπόντων
1400 2012 1531 2055 αὗτῶν
1567 2012 1698 2066 ἆηδῶς
1727 2016 1980 2068 διετέθημεν,
2017 2015 2069 2060 ὡς
2104 2015 2261 2064 ὕστερον

615 2088 800 2140 ἐλέγομεν
834 2085 932 2139 πρὸς
967 2083 1181 2140 ἀλλήλους,
1216 2084 1275 2127 ὅτι
1304 2084 1382 2127 ὑπὸ
1412 2088 1481 2127 τοῦ
1508 2087 1737 2140 ἔμπροσθεν
1766 2086 1886 2138 λόγου
1916 2086 2072 2140 σφόδρα
2101 2100 2259 2127 πεπεισ-

613 2163 756 2211 μένους
790 2158 890 2211 ἡμᾶς
925 2158 1048 2199 πάλιν
1077 2158 1242 2199 ἐδόκουν
1272 2156 1524 2209 ἇναταράξαι
1553 2162 1619 2198 καὶ
1647 2162 1702 2205 εἷς
1733 2156 1918 2200 ἀπιστίαν
1945 2160 2184 2209 καταβαλεῖν
2214 2156 2261 2198 οὗ

612 2230 737 2284 μόνον
766 2238 844 2277 τοῖς
874 2233 1166 2283 προειρημένοις
1196 2228 1326 2280 λόγοις
1356 2227 1462 2271 ἀλλὰ
1491 2232 1557 2271 καὶ
1582 2232 1637 2277 εἷς
1662 2230 1709 2271 τὰ
1738 2230 1897 2281 ὕστερον
1914 2231 2106 2282 μέλλοντα
2133 2229 2258 2282 ῥηθή-

615 2306 775 2349 σεσθαι,
803 2302 856 2354 μὴ
886 2299 1046 2347 οὐδενὸς
1076 2301 1180 2349 ἄξιοι
1209 2304 1317 2352 εἶμεν
1345 2304 1472 2352 κριταὶ
1498 2303 1606 2354 ἢκαὶ
1628 2302 1674 2341 τὰ
1695 2302 1909 2354 πράγματα
1938 2302 2083 2341 ἄπιστα
2112 2305 2184 2354 εἴη.
2209 2323 2254 2328 -

482 2421 514 2462 *)
540 2422 604 2455 Est
642 2421 744 2455 etiam
785 2420 878 2454 aliud
914 2430 1025 2463 genus
1058 2420 1232 2454 nominum
1263 2430 1284 2453 a
1307 2420 1471 2455 Cicerone
1500 2422 1697 2455 additorum
1726 2425 1867 2463 praeter
1894 2420 2138 2454 necessitatem
2170 2422 2260 2462 quod

286 2481 416 2514 criticis
447 2482 548 2515 valde
580 2481 733 2514 odiosum
759 2485 830 2514 est:
861 2480 947 2513 talia
972 2480 1115 2514 dicimus
1139 2481 1241 2514 Tusc.
1259 2480 1345 2524 disp.
1362 2482 1393 2524 3,
1409 2481 1463 2523 32,
1482 2481 1522 2514 77
1547 2487 1577 2514 et
1598 2488 1699 2515 tamen
1721 2492 1780 2513 non
1803 2482 1879 2513 satis
1900 2480 1978 2513 mihi
1998 2481 2124 2514 videtur
2146 2482 2261 2514 ddisse

287 2542 344 2575 Izoc
367 2542 544 2583 Cleanthes,
574 2544 694 2586 suscipi
720 2543 892 2585 aliquando
921 2543 1151 2585 aem-itudinem
1176 2554 1266 2585 posse
1295 2553 1334 2575 esc
1357 2553 1391 2575 eo
1419 2544 1487 2585 ipso
1510 2544 1593 2585 quod
1614 2554 1676 2575 esse
1697 2554 1845 2574 summum
1868 2543 1984 2573 malum
2008 2541 2172 2574 Cleanthes
2194 2543 2261 2584 ipse

286 2602 446 2644 falcatum
476 2602 593 2639 delent
623 2603 767 2639 alterum
797 2613 920 2638 nomen
950 2613 1025 2638 cum
1051 2601 1158 2638 Bakio
1188 2602 1344 2646 plerique
1353 2616 1361 2644 3
1391 2602 1471 2637 ibid.
1489 2603 1519 2646 2,
1538 2605 1565 2644 7,
1586 2604 1624 2637 17
1648 2615 1762 2646 mayna
1785 2603 1959 2636 mehercule
1982 2604 2051 2637 laus
2075 2609 2104 2636 et
2126 2615 2159 2637 eo
2182 2605 2258 2647 ipso,

281 2673 341 2705 per
363 2674 451 2707 quem
473 2665 590 2705 iuravi,
617 2664 764 2705 Hercule,
789 2665 900 2707 diyna:
924 2664 1042 2697 delent
1067 2664 1205 2697 Hercule
1225 2663 1340 2697 iidem.
1376 2664 1493 2705 Neque
1516 2672 1682 2706 negamus
1706 2663 1889 2706 utrobique
1913 2673 2038 2698 nomen
2061 2664 2183 2698 abesse
2201 2674 2257 2707 po-

286 2724 406 2766 tuisse,
430 2726 626 2759 dubitamus
651 2736 752 2767 quam
776 2730 872 2759 recte
897 2726 1043 2759 tollatur
1065 2727 1155 2767 quod
1179 2726 1343 2760 Cicerone
1367 2736 1434 2759 non
1458 2726 1634 2767 indignum
1659 2729 1747 2757 erat.
1782 2726 1944 2758 Ceterum
1969 2725 2044 2758 sine
2069 2725 2257 2759 offensione

283 2784 450 2827 leguntur
479 2786 564 2819 haec
590 2787 630 2820 de
661 2786 726 2820 div.
747 2787 775 2827 1,
798 2787 850 2827 54,
876 2787 937 2819 123
965 2787 1048 2819 idem
1079 2788 1172 2819 etiam
1193 2785 1348 2827 Socrates,
1373 2797 1440 2819 cum
1469 2787 1556 2828 apud
1577 2785 1703 2818 Delium
1730 2787 1812 2818 male
1832 2792 2007 2829 puynatum
2031 2792 2106 2818 esset
2128 2785 2259 2818 Lachete

281 2849 429 2888 praetore
451 2844 633 2890 fugeretque
656 2858 725 2880 cum
747 2848 815 2890 ipso
832 2846 972 2888 Lachete,
996 2852 1031 2879 ut
1052 2852 1174 2880 ventum
1198 2853 1242 2880 est
1263 2848 1296 2879 in
1319 2847 1455 2886 trivium,
1479 2846 1585 2879 eadem
1609 2857 1672 2889 qua
1693 2847 1792 2879 ceteri
1813 2846 1925 2890 fuyere
1947 2847 2055 2879 noluit.
2090 2846 2256 2879 Addimus

284 2905 388 2938 Acad.
401 2914 453 2947 pr.
465 2906 495 2944 2,
513 2906 563 2943 14,
579 2907 623 2938 45
639 2918 713 2939 nam
728 2909 783 2950 qui
796 2908 894 2940 voluit
907 2907 1071 2940 subvenire
1087 2908 1246 2940 erroribus
1264 2907 1422 2950 Epicurus
1441 2907 1481 2938 iis
1497 2907 1550 2949 qui
1563 2907 1710 2939 videntur
1726 2908 1914 2940 conturbare
1928 2908 1997 2940 veri
2011 2908 2213 2949 coym'tionem
2227 2933 2234 2939 .
2250 2933 2257 2939 .

283 2965 363 2998 nihil
381 2964 528 3009 profecit.
564 2965 667 2999 Delet
691 2977 814 3001 nomen
837 2977 912 3001 cum
930 2966 1071 3001 Baitero
1088 2967 1284 3007 Muellerus
1307 2967 1368 3001 sed
1384 2967 1447 3000 hoc
1463 2966 1604 3010 propius
1621 2966 1758 3002 accedit
1774 2968 1817 3002 ad
1834 2968 2070 3011 appositorum
2087 2977 2198 3010 genus
2214 2968 2256 3001 de

283 3037 349 3068 quo
368 3036 470 3068 supra
487 3025 646 3065 dicimus3
662 3036 749 3060 neve
766 3027 911 3060 haereas
928 3027 963 3060 in
980 3038 1021 3061 eo
1037 3029 1127 3069 quod
1143 3028 1291 3061 medium
1307 3031 1362 3060 est
1378 3037 1501 3061 nomen
1517 3027 1553 3060 in
1570 3029 1730 3061 erroribus
1742 3030 1793 3068 ι’ἱε,
1807 3029 1851 3062 cf.
1865 3029 1906 3062 de
1919 3032 1991 3061 nat.
2006 3028 2101 3061 deor.
2114 3028 2144 3069 2,
2159 3028 2187 3069 9,
2203 3029 2255 3060 24.
