2552 3470
1254 156 1303 195 11

292 267 362 306 sed
382 268 448 320 qui
469 267 526 306 ibi
548 265 688 305 tertius
714 272 786 317 est,
819 279 910 305 eum
930 265 1130 305 Minucius
1160 280 1239 305 non
1270 267 1413 316 attulit,
1446 266 1581 305 attulit
1608 267 1675 318 qui
1697 267 1935 305 sententiam
1958 266 2127 305 similem
2149 266 2270 304 habet

290 337 494 378 Aeneidos
527 338 561 387 1,
581 335 660 377 743

685 408 787 447 unde
814 407 1014 448 hominum
1039 422 1162 463 qenus
1192 415 1227 449 et
1249 409 1431 462 pecudes,
1462 409 1565 449 unde
1593 407 1716 448 imber
1744 415 1779 448 et
1805 409 1926 461 iynes.

290 479 399 530 Quid
419 481 484 519 hic
503 479 757 531 interpolati?
786 480 947 519 Erravit
976 481 1146 534 scriptor
1175 489 1214 519 et
1243 494 1293 520 ex
1322 482 1503 520 versibus
1533 481 1687 520 duobus
1713 481 1780 534 qui
1802 482 1885 521 eius
1907 481 2027 520 menti
2052 480 2268 519 haerebant

290 553 461 592 similem
489 552 726 591 sententiam
752 551 992 592 habentibus
1019 566 1099 591 non
1125 566 1215 591 eum
1240 553 1373 605 posuit
1399 566 1515 605 quem
1537 552 1674 591 debuit
1702 552 1771 591 sed
1793 553 1877 591 eius
1899 566 2143 605 comparem3
2176 565 2266 590 nam

290 624 527 665 sententiam
548 623 676 675 ipsam
697 637 797 676 quae
818 631 878 664 est
898 625 937 663 in
959 625 1153 665 ambobus
1180 625 1285 677 quod
1315 626 1455 664 abesse
1481 625 1618 674 noluit,
1650 639 1729 663 non
1757 626 1882 675 magis
1904 626 2048 664 mirum
2068 631 2129 663 est
2149 638 2266 675 quam

257 738 259 740 ,
290 695 394 749 quod
412 694 578 735 eandem
599 696 800 748 superiore
820 695 907 736 loco
922 694 984 748 (5)
998 711 1075 737 non
1095 697 1368 750 praetermisit,
1387 710 1486 749 quae
1502 696 1736 749 praesertim
1755 695 1875 736 faciat
1889 696 1939 736 ad
1956 696 2160 749 scriptoris
2178 710 2267 734 con-

290 768 423 807 silium
438 767 513 806 hoc
529 780 685 820 quoque
699 767 878 807 docentis
894 769 1029 808 omnia
1044 782 1130 808 esse
1147 783 1170 808 a
1186 768 1259 808 deo
1277 782 1354 809 uno
1370 774 1586 822 procreata.
1619 765 1890 817 Quamobrem
1906 781 2063 808 versum
2081 780 2266 807 mancum

289 841 355 892 qui
377 846 438 879 est
457 839 562 891 apud
581 839 815 890 Minucium,
845 842 949 880 unde
976 841 1149 880 homines
1177 849 1213 880 et
1234 843 1416 894 pecudes,
1448 841 1620 880 editores
1649 840 1894 879 confidenter
1919 841 2102 893 supplere
2124 847 2163 879 et
2183 854 2267 879 cor-

288 912 415 963 rigere
436 910 651 950 debebant:
684 925 792 951 error
812 912 918 951 enim
948 912 1101 952 librarii
1133 912 1366 952 manifestus
1396 919 1475 952 est:
1507 914 1609 951 unde
1628 908 1847 963 komi[num
1870 909 2011 964 ge]nus
2031 921 2066 951 et
2083 914 2267 965 pecudes,-

288 997 415 1037 neque
444 997 538 1023 vero
568 983 757 1024 credibile
792 985 856 1024 vel
894 985 1232 1038 interpolatorem,
1270 984 1416 1025 nedum
1454 984 1675 1025 Minucium
1712 985 1854 1037 ipsum,
1896 985 2077 1025 mutilum
2111 1000 2266 1025 versum

289 1057 476 1095 maluisse
506 1070 623 1108 quam
654 1057 850 1108 integrum
883 1072 1093 1110 apponere.
1143 1058 1233 1097 Non
1265 1059 1396 1098 minus
1427 1065 1535 1097 certa
1564 1064 1625 1097 est
1645 1057 1812 1097 Minucii
1842 1057 2013 1096 imitatio
2034 1056 2267 1108 Vergiliana

288 1129 328 1167 in
354 1128 404 1167 iis
425 1142 526 1180 quae
547 1142 579 1167 c.
602 1128 666 1179 23,
684 1129 709 1169 6
731 1128 778 1168 de
798 1128 907 1168 Iovis
937 1129 1102 1169 fulmine
1133 1143 1220 1169 cum
1249 1131 1409 1169 Aeneae
1436 1129 1557 1168 armis
1582 1129 1624 1168 in
1650 1128 1793 1168 incude
1819 1128 2012 1168 fabricato
2039 1135 2265 1167 narrantur:

288 1213 388 1252 quae
409 1199 457 1238 ad
479 1199 682 1239 Aeneidos
704 1201 832 1240 octavi
861 1215 998 1241 versus
1028 1201 1121 1241 inde
1151 1215 1174 1240 a
1193 1201 1275 1241 423
1306 1201 1434 1240 redire
1464 1200 1528 1240 vel
1557 1200 1626 1240 illa
1656 1200 1704 1240 de
1726 1201 1887 1240 Aeneae
1909 1200 2030 1239 armis
2052 1206 2268 1239 memorata

288 1272 472 1323 produnt.
538 1270 717 1320 Quorum
754 1286 844 1311 cum
880 1273 980 1312 nihil
1015 1274 1285 1326 perspexisset
1315 1273 1595 1323 Baehrensius,
1633 1287 1712 1312 non
1744 1273 1870 1312 solum
1903 1286 1993 1311 cum
2025 1272 2187 1311 Halmio
2218 1272 2266 1310 de

287 1343 427 1383 Ursini
456 1344 639 1396 opinione
669 1344 837 1383 Minucii
874 1345 1007 1384 verbis
1035 1345 1249 1385 Vulcanum
1277 1345 1505 1395 inculcavit,
1546 1345 1613 1383 ubi
1642 1344 1814 1383 Vulcani
1852 1351 1985 1397 partes
2015 1343 2148 1382 nullae
2178 1357 2267 1382 esse

287 1423 471 1469 poterant
489 1414 634 1469 (neque
654 1418 759 1456 enim
781 1417 985 1457 Vulcanus
1011 1419 1227 1457 fabricatur
1245 1417 1354 1456 Iovis
1375 1418 1525 1456 fulmen
1555 1424 1623 1455 aut
1643 1419 1804 1456 Aeneae
1831 1431 1952 1467 arma,
1976 1416 2045 1455 sed
2068 1415 2265 1468 Cyclopes

287 1487 454 1528 Vulcani
483 1502 637 1540 operae,
669 1488 710 1527 id
740 1488 845 1541 quod
874 1489 939 1528 vel
967 1488 1136 1528 Minucii
1167 1489 1293 1540 ipsius
1323 1489 1497 1528 narratio
1529 1488 1769 1538 subindicat,
1802 1495 1841 1527 et
1870 1494 2025 1540 praeter
2045 1487 2265 1538 Vergilium

288 1558 430 1600 Cicero
460 1566 628 1600 testatur
658 1559 705 1599 de
737 1559 814 1599 div.
838 1561 874 1609 2,
903 1561 963 1610 19,
986 1557 1068 1611 43),
1101 1560 1182 1611 sed,
1214 1576 1263 1600 ne
1293 1560 1399 1613 quod
1435 1560 1647 1612 vestigium
1686 1561 1769 1599 veri
1806 1567 1991 1610 exstaret,
2029 1560 2151 1599 verba
2180 1574 2265 1598 cum

289 1632 441 1672 Aeneae
468 1634 590 1671 armis
620 1645 666 1671 ea
695 1645 773 1684 qua
800 1632 1030 1685 praestabat
1058 1631 1249 1671 facilitate
1280 1632 1449 1672 mutavit
1478 1632 1519 1671 in
1549 1631 1648 1671 haec
1677 1631 1746 1671 sub
1776 1631 1927 1671 Aetnae
1956 1633 2093 1671 antris.

485 1701 565 1743 Sed
595 1704 711 1743 nobis
746 1704 840 1742 illuc
869 1703 1114 1743 redeundum
1144 1710 1214 1743 est.
1276 1702 1318 1743 Si
1355 1704 1460 1742 enim
1491 1710 1597 1742 recte
1627 1704 1803 1743 condidit
1831 1703 2164 1755 recuperavimus,
2197 1702 2264 1742 ha-

288 1775 426 1814 bemus
446 1775 606 1828 quidem
628 1789 725 1827 quas
746 1775 976 1814 volebamus
998 1775 1095 1814 duas
1117 1776 1336 1814 sententias
1358 1775 1426 1814 sed
1449 1789 1516 1814 eas
1537 1776 1640 1814 inter
1660 1789 1702 1814 se
1723 1789 1802 1813 non
1825 1775 2045 1827 colligatas,
2073 1783 2110 1814 et
2132 1774 2264 1814 urbem

288 1846 519 1887 Saturniam
548 1848 722 1887 condidit
752 1848 799 1886 de
825 1861 895 1886 suo
914 1849 1069 1887 nomine
1098 1855 1132 1887 et
1161 1847 1382 1886 Ianiculum
1409 1847 1552 1886 Ianus:
1582 1848 1636 1886 ad
1659 1849 1884 1886 memoriam
1913 1855 2073 1899 uterque
2099 1849 2266 1899 posteri-

286 1920 376 1958 tatis
394 1920 652 1972 reliquerunt5
682 1925 721 1958 et
742 1918 937 1958 dubitatio
958 1919 1170 1969 suboritur,
1201 1918 1453 1971 potuerintne
1484 1932 1553 1958 eae
1584 1919 1642 1957 sic
1667 1919 1869 1958 seiunctae
1896 1925 2000 1958 stare
2027 1933 2076 1958 an
2098 1917 2265 1958 fortasse

286 1991 434 2030 vinculi
461 1991 650 2043 quiddam
682 1991 869 2030 detritum
900 1992 953 2030 sit
981 2005 1057 2043 quo
1088 1991 1247 2031 vinculo
1278 1991 1375 2030 haec
1405 1992 1541 2030 iuncta
1569 2005 1656 2031 esse
1687 1998 1822 2031 auctor
1851 1991 2033 2030 voluerit.
2079 1990 2263 2031 Orationi

285 2062 359 2102 hoc
387 2063 505 2102 modo
535 2064 676 2102 melius
708 2064 935 2103 consuletur
964 2063 1084 2115 idque
1114 2063 1414 2102 commendatur
1441 2063 1632 2102 facilitate
1663 2063 1917 2103 restituendi:
1947 2064 2129 2102 iunctura
2159 2064 2264 2102 enim

284 2148 523 2188 quamquam
544 2149 622 2175 non
646 2149 723 2174 uno
744 2135 862 2175 modo
887 2135 1060 2189 reparari
1083 2141 1249 2188 poterat,
1281 2135 1382 2174 nihil
1407 2142 1541 2175 tamen
1567 2135 1814 2188 probabilius
1845 2150 1963 2188 quam
1994 2150 2066 2188 que
2096 2136 2263 2188 particu-

284 2205 375 2256 lam,
407 2207 463 2245 ibi
490 2208 557 2246 ubi
587 2207 776 2246 facillime
806 2207 945 2259 potuit,
976 2208 1309 2260 praetesmissam,
1340 2207 1561 2246 Minucium
1593 2214 1725 2246 autem
1756 2208 1965 2260 scripsisse

614 2287 649 2318 et
691 2279 823 2317 urbem
859 2278 1091 2319 Saturniam
1132 2281 1308 2319 condidit
1347 2281 1394 2319 de
1432 2294 1501 2318 suo
1537 2282 1694 2319 nomine
1729 2288 1763 2318 et
1800 2279 2018 2318 Ianiculum
2055 2279 2176 2316 Ianus
2211 2279 2265 2316 ad

612 2352 879 2402 memoriamq3
909 2359 1069 2403 uterque
1092 2353 1337 2405 posteritatis
1365 2352 1619 2403 reliquerunt.

284 2416 402 2468 Quod
432 2434 482 2459 ne
512 2421 601 2473 quis
632 2436 656 2461 a
684 2421 915 2461 Minuciana
943 2422 1121 2462 oratione
1156 2422 1289 2475 respui
1326 2422 1550 2473 arbitretur,
1590 2422 1801 2461 videantur
1830 2435 1930 2474 quae
1963 2420 2024 2471 17,
2048 2421 2072 2460 2
2104 2421 2265 2473 scripsit

282 2504 411 2543 prona
439 2494 483 2531 in
512 2499 732 2546 terramque
759 2495 959 2545 verqentia
987 2499 1026 2533 et
1055 2507 1156 2547 quae
1188 2495 1224 2545 3,
1246 2494 1274 2533 4
1301 2495 1444 2533 sensim
1472 2495 1603 2547 itaque
1633 2493 1921 2546 tranquilleque
1945 2494 2162 2546 proqressi.

480 2576 535 2603 lv.
593 2564 651 2604 Ut
679 2565 890 2617 redarguat
918 2579 1019 2618 quae
1049 2564 1250 2605 Caecilius
1281 2579 1314 2604 c.
1337 2567 1373 2615 6,
1393 2566 1417 2604 2
1448 2566 1496 2604 de
1526 2566 1692 2617 imperio
1719 2564 1900 2604 Romano
1931 2578 2003 2616 per
2031 2565 2263 2616 religionem

285 2639 324 2672 et
343 2632 506 2674 deorum
527 2636 676 2675 cultum
698 2643 812 2676 aucto
843 2645 883 2676 et
911 2636 1076 2676 fundato
1107 2637 1332 2686 affirmavit,
1356 2636 1548 2676 Octavius
1579 2651 1611 2676 c.
1634 2637 1686 2675 25
1717 2636 1814 2676 haec
1846 2637 1894 2676 de
1924 2637 2051 2676 initiis
2072 2637 2265 2676 Romanis

283 2704 486 2758 impietate
515 2702 563 2747 ac
593 2708 742 2749 scelere
770 2709 982 2762 praecipue
1012 2709 1239 2761 insignibus
1269 2709 1400 2748 refert.

614 2781 816 2819 Nimirum
848 2783 1016 2833 insignis
1051 2789 1087 2819 et
1114 2781 1256 2819 nobilis
1284 2783 1435 2819 iustitia
1468 2782 1646 2819 Romana
1675 2781 1724 2819 ab
1754 2784 1853 2835 ipsis
1881 2784 2043 2835 imperii
2070 2784 2265 2820 nascentis

612 2854 863 2894 incunabulis
883 2855 1089 2907 auspicata
1109 2861 1174 2893 est.
1207 2857 1242 2893 2.
1267 2853 1409 2893 Nonne
1427 2855 1471 2893 in
1491 2862 1578 2893 ortu
1598 2869 1667 2894 suo
1690 2863 1725 2894 et
1744 2856 1883 2895 scelere
1903 2855 2052 2894 collecti
2070 2863 2106 2894 et
2124 2856 2267 2894 muniti

612 2926 870 2966 immanitatis
899 2940 991 2966 suae
1020 2933 1166 2966 terrore
1196 2925 1421 2965 creverunt?
1451 2925 1557 2965 Nam
1586 2927 1698 2979 asylo
1723 2929 1859 2980 prima
1885 2926 1997 2980 plebs
2029 2935 2263 2979 conqreyata

614 3004 686 3036 est:
722 3000 986 3050 confluoeerant
1013 2999 1178 3051 perditi,
1212 2999 1454 3048 facinerosi,
1491 3001 1645 3046 incesti,
1682 3001 1838 3048 sicarii,
1877 3000 2121 3052 proditores,
2158 3007 2193 3038 et
2224 3007 2267 3037 ut

535 3071 556 3104 5
612 3070 698 3121 ipse
727 3070 918 3110 Romulus
951 3072 1167 3124 imperator
1200 3078 1236 3110 et
1257 3079 1383 3110 rector
1414 3071 1608 3124 populum
1643 3086 1756 3110 suum
1780 3072 1970 3122 facinore
1999 3071 2263 3124 praecelleret,

1954 3145 2002 3178 2*
