2552 3470
1284 162 1310 202 4

501 286 526 313 1.
565 272 786 325 Incipimus
817 278 962 323 autem,
996 273 1185 324 quoniam
1216 272 1395 312 ordinem
1424 270 1705 323 disputationis
1731 269 1987 310 Minucianae
2019 270 2233 321 sequimur,
2262 284 2286 308 a

301 344 518 384 levioribus
540 344 694 383 duabus
714 344 1032 396 quaestionibus.
1064 343 1172 382 Leve
1194 350 1254 383 est
1274 344 1381 382 enim
1397 342 1501 395 quod
1524 342 1565 380 in
1586 341 1648 381 his
1670 342 1802 381 verbis
1823 356 1924 394 quae
1944 341 1985 380 in
2007 341 2171 380 exordio
2192 347 2285 381 sunt

301 416 495 455 sermonis
526 413 747 456 Caeciliani
778 429 811 455 c.
834 416 871 466 5,
903 416 928 456 2

626 488 800 539 proinde
834 489 871 525 si
902 487 1002 525 milii
1035 489 1151 539 quasi
1184 500 1306 525 novus
1340 486 1469 538 aliqui
1499 493 1535 523 et
1568 486 1687 537 quasi
1717 486 1882 538 ignarus
1921 486 2049 538 partis
2083 485 2286 537 utriusque

631 561 828 608 considas,
858 560 1010 597 nullum
1033 561 1231 612 neyotium
1261 566 1315 597 est
1341 558 1563 611 patefacere
1593 558 1725 595 omnia
1754 559 1796 595 in
1821 558 1934 596 rebus
1959 557 2138 596 humanis
2164 555 2283 595 dubia

630 633 782 671 incerta
811 646 999 684 suspensa
1027 633 1230 684 maqisque
1259 633 1390 670 omnia
1418 632 1502 669 veri
1528 630 1675 669 similia
1705 643 1824 681 quam
1852 643 1944 669 vera

269 702 467 744 ,alterum
511 704 643 743 omnia
684 703 808 744 variis
850 702 979 744 modis
1021 709 1227 743 vexarunt.
1290 701 1384 742 Fuit
1422 702 1490 755 qui
1532 714 1669 741 vocem
1710 700 1920 742 delendam
1963 714 2051 742 esse
2093 707 2282 742 censeret.

299 774 447 814 Probe:
480 777 622 815 abesse
652 778 758 816 enim
789 777 933 830 potuit,
970 777 1058 830 quis
1088 777 1234 827 negat?
1276 775 1393 815 Alter
1422 777 1578 815 omnino
1607 774 1748 814 maluit
1775 776 1932 829 reponi:
1968 788 2018 815 ne
2052 774 2093 814 id
2123 774 2283 828 quidem

298 848 391 887 ferri
422 863 501 888 non
532 850 677 901 potuit,
710 864 949 901 quamquam
980 849 1028 887 iis
1060 848 1175 898 locis,
1212 848 1358 899 quibus
1388 847 1464 886 hoc
1493 854 1760 886 commentum
1791 862 1907 886 suum
1936 848 2104 899 probare
2134 847 2286 886 studuit

299 917 622 972 Cornelissenus,
654 935 734 961 non
765 921 933 961 multum
962 919 1174 960 adiuvatur
1203 926 1242 959 et
1270 919 1389 972 paulo
1418 919 1588 960 fortasse
1624 918 1798 959 deterius
1828 925 1890 959 est
1925 934 1971 959 eo
2007 919 2119 960 cuius
2154 919 2283 959 locum

298 992 480 1031 obtinere
522 992 693 1031 iubetur.
762 991 941 1032 Usenero
982 991 1132 1044 placuit
1168 991 1406 1043 Kiesslingii
1448 991 1507 1031 sui
1548 992 1719 1041 somnia,
1762 990 1869 1044 quod
1910 991 2043 1044 specie
2084 990 2285 1044 paulisper

298 1062 482 1116 decipere
499 1065 640 1116 potuit,
662 1064 856 1103 curiosius
872 1063 1090 1115 inquirenti
1108 1063 1320 1115 patefaciet
1335 1063 1464 1115 ipsum
1487 1076 1530 1102 se
1551 1063 1590 1101 in
1612 1061 1714 1101 hanc
1736 1062 1955 1101 orationem
1976 1076 2054 1101 non
2076 1061 2282 1115 quadrare.

297 1135 455 1174 Novam
478 1136 582 1174 viam
605 1137 786 1188 ingressa
805 1135 1043 1175 Baehrensii
1067 1136 1264 1188 sagacitas
1290 1134 1483 1186 addendo,
1513 1148 1593 1174 non
1619 1134 1788 1174 delendo
1814 1140 1882 1174 aut
1906 1133 2097 1172 mutando
2117 1133 2284 1174 Minucii

298 1208 421 1246 verba
451 1208 639 1258 integrari
673 1208 750 1246 sibi
785 1209 1003 1259 persuasit3
1039 1208 1107 1259 qui
1144 1222 1232 1246 cum
1268 1208 1324 1246 ita
1359 1207 1485 1246 edidit
1518 1209 1720 1259 maqisque
1754 1208 1887 1246 omnia
1923 1203 1986 1257 [de
2022 1206 2084 1263 liis
2119 1203 2282 1258 iudicia]

296 1279 527 1317 verisimilia
559 1293 677 1331 quam
705 1292 809 1328 vera,
842 1278 1041 1330 duplicem
1073 1278 1358 1317 sententiarum
1391 1277 1569 1317 ordinem
1601 1278 1732 1317 effecit
1763 1284 1803 1316 et
1828 1278 1886 1317 sic
1912 1278 2054 1328 omnia,
2085 1278 2178 1330 quia
2203 1291 2283 1317 non

298 1350 435 1389 eadem
468 1364 569 1401 quae
599 1357 690 1389 ante
722 1350 979 1399 significaret,
1010 1350 1159 1388 firmari
1191 1350 1400 1388 iudicavit:
1432 1350 1471 1387 in
1509 1364 1587 1401 qua
1621 1364 1663 1388 re
1693 1349 1934 1388 testimoniis
1965 1349 2124 1401 quidem
2155 1350 2206 1387 ab
2237 1362 2283 1387 eo

298 1422 428 1462 allatis
456 1437 528 1462 nos
554 1422 657 1462 nihil
682 1437 901 1462 movemur.
952 1421 1136 1473 Denique
1162 1421 1317 1461 exstitit
1346 1422 1413 1473 qui
1444 1424 1646 1474 mayisque
1676 1422 1789 1461 obvia
1815 1422 2045 1461 verisimilia
2073 1436 2109 1473 q.
2131 1436 2166 1460 υ.
2189 1422 2283 1460 scri-

297 1494 472 1534 bendum
498 1501 749 1548 proponeret,
779 1494 886 1548 quod
914 1508 1095 1534 veremur
1122 1508 1171 1534 ne
1192 1508 1272 1534 non
1293 1493 1430 1534 multis
1451 1494 1689 1546 placiturum
1717 1494 1780 1534 sit.
1831 1493 2024 1534 Videmus
2051 1494 2283 1534 varietatem

296 1567 540 1619 opinionum.
586 1565 695 1616 Quid
713 1580 857 1619 sequar
876 1573 946 1605 aut
971 1566 1109 1619 quem?
1146 1566 1203 1605 At
1229 1566 1346 1606 nobis
1372 1566 1543 1619 primum
1570 1566 1728 1606 videtur
1754 1566 1967 1605 discrimen
1995 1565 2091 1605 illud
2113 1580 2136 1605 a
2157 1565 2282 1606 Baeh-

294 1639 427 1677 rensio
453 1638 495 1677 in
523 1638 761 1677 sententiam
790 1638 958 1677 inlatum
987 1638 1087 1677 falso
1115 1638 1262 1688 inferri,
1297 1645 1339 1677 ut
1365 1652 1456 1691 pars
1483 1638 1610 1678 altera
1636 1638 1683 1677 de
1709 1638 1828 1677 rebus
1855 1637 2051 1689 humanis,
2083 1638 2208 1678 altera
2233 1640 2283 1678 ab

294 1710 382 1762 ipso
413 1709 689 1749 additamento
719 1710 857 1749 reficta
888 1709 936 1749 de
967 1709 1125 1749 iudiciis
1157 1709 1361 1749 hominum
1392 1710 1539 1750 valeat:
1576 1724 1669 1750 nam
1704 1717 1743 1750 et
1771 1709 1880 1763 prior
1914 1723 2006 1762 pars
2042 1709 2090 1749 de
2125 1709 2283 1750 iudiciis

293 1782 422 1833 accipi
452 1779 520 1832 (cf.
543 1795 575 1821 c.
602 1783 664 1832 14,
693 1781 736 1832 5)
765 1796 839 1821 nec
865 1782 993 1821 altera
1019 1796 1096 1821 non
1125 1783 1245 1821 etiam
1273 1783 1320 1821 de
1347 1783 1466 1821 rebus
1492 1783 1621 1834 potuit
1646 1782 1834 1833 intelligi:
1867 1783 1924 1820 ita
1950 1781 2281 1834 quemadmodum

293 1860 401 1893 recte
432 1853 577 1893 dicitur
607 1855 738 1894 omnia
767 1855 809 1893 in
838 1854 952 1894 rebus
981 1854 1164 1894 humanis
1194 1853 1314 1894 dubia
1351 1856 1499 1895 incerta
1533 1869 1723 1908 suspensa
1757 1868 1856 1905 esse,
1894 1868 1974 1894 non
2010 1853 2141 1894 minus
2177 1860 2282 1894 recte

295 1925 373 1963 dici
395 1932 552 1976 poterat
579 1927 709 1964 omnia
729 1928 772 1963 in
791 1926 906 1964 rebus
926 1926 1107 1964 humanis
1133 1927 1218 1964 veri
1241 1927 1390 1964 similia
1415 1928 1542 1977 mayis
1569 1940 1687 1978 quam
1711 1940 1817 1974 vera,
1845 1926 1954 1964 velut
1981 1925 2120 1964 Livius
2147 1926 2281 1964 Anicii

295 1995 540 2049 triumphum
572 2011 661 2036 cum
692 1996 893 2049 triumpho
923 1997 1090 2036 Aemilii
1120 1997 1235 2036 Pauli
1267 1997 1475 2037 conferens
1507 1998 1648 2037 scribit
1681 1996 1763 2048 (45,
1794 1998 1860 2048 43,
1892 1994 1935 2048 2)
1969 1997 2116 2036 similia
2152 1998 2282 2036 omnia

292 2070 419 2121 mayis
453 2070 539 2107 visa
569 2069 790 2108 hominibus
821 2083 940 2122 quam
967 2070 1104 2121 paria,
1138 2068 1176 2108 h.
1205 2083 1237 2107 e.
1265 2069 1374 2109 mehr
1400 2084 1479 2108 nur
1509 2070 1666 2109 dlmlich
1694 2070 1754 2109 als
1780 2069 1925 2123 qleich:
1955 2068 2148 2122 premitur
2177 2069 2282 2108 enim

291 2141 404 2193 prius
431 2148 474 2179 ut
502 2141 606 2193 apud
633 2141 867 2181 Minucium.
924 2140 1042 2190 Quod
1071 2142 1103 2181 si
1130 2147 1237 2180 recte
1263 2141 1486 2181 iudicamus
1515 2155 1761 2195 consequens
1790 2148 1861 2193 est,
1892 2147 1932 2181 ut
1957 2141 2125 2180 alterum
2152 2142 2282 2181 omnia

292 2213 433 2253 abesse
465 2212 644 2266 quidem,
678 2213 732 2252 uti
765 2213 957 2265 diximus,
995 2221 1155 2267 totaque
1191 2215 1391 2254 sententia
1428 2229 1505 2254 uno
1541 2215 1677 2254 ordine
1713 2215 1920 2255 decurrere
1949 2215 2122 2267 potuerit
2151 2216 2283 2254 omnia

290 2286 334 2324 in
362 2285 477 2325 rebus
508 2285 687 2325 humanis
722 2285 843 2325 dubia
872 2288 1020 2326 incerta
1050 2301 1240 2340 suspensa
1268 2288 1473 2339 maqisque
1501 2288 1585 2326 veri
1612 2287 1758 2326 similia
1790 2301 1907 2339 quam
1935 2300 2045 2337 vera,
2078 2285 2147 2325 sed
2178 2300 2282 2325 nunc

291 2371 380 2397 cum
407 2357 524 2408 adsit,
554 2357 629 2397 hoc
655 2371 777 2397 unum
805 2358 857 2398 sit
885 2357 1176 2399 defendendum
1197 2350 1283 2399 'non
1311 2358 1436 2399 semel
1463 2357 1569 2412 quod
1599 2359 1696 2400 satis
1728 2364 1812 2399 erat
1842 2357 1911 2399 sed
1941 2357 2004 2399 bis
2035 2372 2122 2399 esse
2152 2358 2283 2399 omnia

292 2431 480 2481 positum.
530 2428 649 2478 Quod
672 2443 910 2481 quamquam
934 2443 983 2468 ex
1004 2444 1051 2468 eo
1072 2444 1217 2481 genere
1238 2437 1311 2481 est,
1343 2431 1383 2468 in
1415 2443 1494 2482 quo
1525 2431 1729 2482 scriptoris
1760 2430 1936 2469 libertati
1966 2429 2116 2482 aliquid
2144 2442 2281 2468 conce-

295 2501 470 2540 dendum
503 2501 697 2550 videatur,
729 2515 818 2540 cum
849 2502 1082 2553 praesertim
1114 2516 1165 2541 ne
1196 2516 1316 2541 causa
1347 2502 1508 2554 quidem
1538 2502 1670 2552 lateat,
1701 2503 1742 2540 in
1773 2502 1848 2540 hac
1877 2502 2055 2540 oratione
2085 2514 2155 2540 cur
2189 2501 2280 2539 addi

293 2572 478 2612 maluerit
504 2586 622 2626 quam
653 2572 795 2623 omitti,
823 2578 957 2613 tamen
990 2587 1091 2626 quae
1125 2580 1186 2613 est
1211 2574 1440 2613 criticorum
1474 2574 1726 2614 contumacia
1757 2573 1856 2613 nihil
1883 2573 2012 2625 egisse
2038 2573 2281 2612 existimabi-

290 2659 389 2694 mur,
428 2645 506 2683 nisi
536 2644 636 2683 forte
667 2645 896 2695 contigerit,
929 2652 972 2683 ut
1001 2645 1174 2697 exempli
1205 2646 1260 2696 vi,
1293 2647 1354 2684 cui
1386 2646 1476 2697 plus
1507 2647 1627 2684 tribui
1660 2660 1778 2698 quam
1809 2645 2113 2697 argumentandi
2143 2645 2281 2697 proba-

291 2715 437 2754 bilitati
468 2715 581 2766 solet,
614 2716 840 2768 opinionem
874 2723 1051 2756 nostram
1081 2719 1374 2757 confirmemus.
1435 2714 1514 2756 Sed
1546 2715 1705 2769 Cicero,
1737 2718 1804 2770 qui
1840 2717 1896 2757 ita
1930 2716 2071 2757 scribit
2104 2713 2171 2767 (de
2200 2722 2280 2756 nat.

291 2787 395 2828 deor.
423 2789 458 2839 1,
482 2789 547 2839 20,
570 2786 641 2839 54)
671 2790 760 2842 quis
789 2790 892 2829 enim
921 2804 1000 2829 non
1030 2792 1161 2830 timeat
1190 2793 1323 2830 omnia
1348 2791 1619 2843 providentem
1649 2799 1684 2830 et
1712 2794 1942 2843 coqitantem
1971 2797 2006 2828 et
2034 2790 2282 2828 animadver-

290 2868 426 2900 tentem
457 2869 491 2900 et
520 2863 651 2901 omnia
681 2862 736 2901 ad
763 2875 803 2901 se
822 2863 1021 2914 pertinere
1044 2870 1250 2915 putantem
1279 2864 1477 2902 curiosum
1507 2870 1541 2901 et
1567 2863 1725 2914 plenum
1755 2864 1901 2916 neqotii
1928 2862 2054 2910 deum,
2085 2874 2173 2900 cum
2204 2875 2282 2900 uno

291 2934 423 2973 omnia
445 2932 604 2986 defungi
626 2939 774 2987 posset,
796 2933 938 2973 maluit
958 2934 998 2974 in
1022 2933 1096 2974 hac
1117 2935 1262 2987 exigua
1282 2934 1508 2974 differentia
1528 2935 1720 2975 orationis
1742 2949 1854 2975 suum
1880 2934 2035 2986 utrique
2061 2933 2282 2973 sententiae

290 3007 477 3043 inserere.
528 3004 608 3053 Qui
639 3005 745 3044 idem
773 3018 862 3044 cum
891 3006 1031 3045 scribit
1057 3005 1202 3057 (Acad.
1226 3013 1328 3059 post.
1355 3008 1395 3057 1,
1427 3007 1494 3057 12,
1519 3004 1591 3057 44)
1618 3020 1748 3046 omnes
1772 3014 1915 3046 veteres
1940 3036 1947 3044 .
1972 3034 1980 3043 .
2013 3012 2055 3045 ut
2080 3005 2281 3045 Democri-

288 3085 365 3126 tus,
395 3079 437 3115 in
463 3077 672 3130 profundo
700 3080 900 3117 veritatem
931 3093 1009 3117 esse
1038 3080 1267 3128 demersam,
1300 3078 1552 3132 opinionibus
1582 3087 1617 3118 et
1643 3081 1832 3119 institutis
1858 3080 1989 3117 omnia
2019 3080 2153 3127 teneri,
2182 3077 2285 3117 nihil
