2552 3470
1268 152 1319 192 15

300 266 389 319 quis
415 263 571 320 postula
599 263 731 315 legere
751 263 829 303 sibi
850 262 960 303 visus
981 268 1077 314 erat,
1098 262 1251 316 reliqua
1271 276 1343 302 sua
1363 267 1504 315 sponte
1525 261 1805 315 sequebantur.
1837 258 1918 301 Sed
1939 259 2133 314 quidquid
2154 259 2203 300 de
2223 274 2281 300 er-

298 338 399 376 roris
420 337 572 386 origine
592 335 801 385 iudicatur,
823 334 1015 373 orationis
1035 334 1204 373 formam
1226 347 1304 372 non
1327 339 1511 385 putamus
1531 346 1649 385 posse
1666 333 1837 372 inveniri
1859 346 1961 385 quae
1981 333 2110 384 aptior
2129 332 2188 371 sic
2207 331 2282 371 hac

630 419 752 457 neque
776 407 878 444 enim
895 412 1112 458 potuerunt
1135 407 1179 443 in
1197 407 1299 457 ipsis
1327 404 1437 443 bellis
1462 405 1554 443 deos
1580 406 1777 443 adiutores
1796 404 1937 443 habere
1965 405 2154 443 adversus
2184 417 2281 456 quoe

628 492 741 517 arma
764 485 984 530 rapuerunt
1007 484 1043 516 et
1066 490 1163 529 quos
1185 484 1276 529 post
1300 478 1505 516 victoriam
1530 476 1836 528 detriumphatos
1863 477 1986 515 colere
2006 483 2224 529 coeperunt.

506 562 546 589 v.
579 547 711 602 Caput
740 549 792 589 33
822 549 872 589 ab
901 548 965 589 his
995 548 1206 588 sententiis
1236 547 1403 588 orditur:

628 620 712 661 Nec
739 619 851 661 nobis
880 620 928 660 de
945 626 1082 660 nostra
1099 618 1332 672 frequentia
1351 617 1626 659 blandiamur:
1656 618 1772 659 multi
1788 619 1899 659 nobis
1919 619 2098 659 videmur
2115 618 2185 659 sed
2209 619 2279 659 deo

628 694 840 733 admodum
870 694 995 746 pauci
1028 705 1181 740 sumus,·
1215 705 1287 732 nos
1319 698 1450 744 qentes
1483 693 1737 744 nationesque
1770 692 2065 745 distinquimus:
2099 692 2171 732 deo
2199 705 2280 731 una

628 767 765 805 domus
794 773 849 803 est
876 766 1044 804 mundus
1072 765 1135 803 hic
1163 772 1275 803 totus.
1322 765 1446 815 Reqes
1465 771 1610 802 statum
1628 766 1743 815 requi
1761 766 1826 802 sui
1841 778 1913 815 per
1932 765 2064 814 officia
2083 766 2280 803 ministro-

626 851 716 876 rum
749 837 904 876 diversa
937 843 1150 876 noverunt:
1186 837 1256 875 deo
1290 836 1451 875 indiciis
1480 849 1578 888 opus
1607 848 1686 875 non
1716 842 1789 874 est:
1818 849 1899 875 non
1930 835 2056 875 solum
2082 837 2126 875 in
2156 835 2279 876 oculis

628 910 710 947 eius
738 909 877 958 sedin
905 909 994 946 sinu
1021 908 1200 946 vivimus.

298 978 477 1029 Quarum
499 981 784 1019 sententiarum
806 994 908 1033 quae
927 986 989 1019 est
1010 980 1058 1019 de
1079 980 1252 1031 regibus,
1275 994 1353 1019 non
1385 980 1440 1018 ita
1460 979 1606 1018 tradita
1635 985 1698 1019 est
1716 980 1759 1018 in
1780 979 1916 1019 codice
1937 980 2007 1019 sed
2029 981 2079 1019 ab
2099 979 2275 1031 Halmio,

297 1051 478 1091 adhibita
497 1051 662 1091 Meursii
682 1052 910 1092 coniectura
928 1059 1071 1091 statum
1093 1083 1100 1091 .
1125 1083 1133 1092 .
1156 1052 1322 1102 diversa,
1356 1051 1581 1101 constituta,
1609 1065 1776 1103 eamque
1796 1051 1965 1091 formam
1985 1051 2176 1091 orationis
2195 1058 2276 1091 tres

298 1122 485 1174 deinceps
520 1122 691 1163 editores
728 1122 974 1163 Dombartus
1009 1123 1104 1172 (nisi
1131 1123 1236 1176 quod
1273 1123 1406 1175 officia
1439 1137 1489 1161 m.
1525 1124 1708 1161 universa
1742 1120 1917 1173 maluit),
1956 1121 2276 1174 Cornelissenus,

297 1194 565 1233 Baehrensius
595 1194 863 1246 recipiendam
894 1195 1102 1245 duxerunt,
1133 1208 1262 1247 neque
1293 1194 1465 1233 vidimus
1495 1194 1656 1233 omnino
1682 1194 1750 1246 qui
1771 1194 1835 1233 vel
1855 1193 2020 1233 dubium
2038 1194 2209 1233 moverit
2228 1193 2277 1233 de

298 1266 475 1305 veritate.
526 1265 579 1305 Et
612 1272 744 1305 tamen
780 1272 847 1305 aut
879 1265 1056 1305 fallimur
1091 1272 1159 1305 aut
1191 1266 1381 1305 fidentius
1416 1279 1646 1305 asseverare
1684 1265 1795 1316 licet,
1833 1265 1931 1305 haec
1964 1266 2078 1304 irrita
2114 1278 2203 1305 esse
2239 1272 2278 1304 et

296 1338 530 1377 reiectanea.
577 1337 809 1377 Omittimus
839 1339 995 1377 diversa
1026 1351 1162 1377 vocem
1198 1337 1380 1377 inutilem
1415 1351 1503 1377 esse
1538 1343 1578 1376 et
1606 1351 1726 1389 quam
1755 1351 1873 1376 nemo
1902 1337 2171 1377 desiderasset
2197 1338 2276 1377 nisi

296 1410 392 1462 quid
418 1410 708 1449 emendationis
730 1409 993 1462 perficiendae
1019 1424 1140 1449 causa
1169 1409 1421 1449 efficiendum
1450 1409 1592 1449 fuisset
1621 1423 1671 1448 ex
1695 1412 1892 1459 universa,
1924 1423 2026 1462 quae
2046 1416 2108 1449 est
2128 1409 2276 1449 codicis

297 1482 503 1534 scriptura,
536 1491 575 1522 et
603 1490 746 1522 statum
774 1482 824 1521 ad
854 1490 1005 1522 tantum
1033 1482 1214 1533 relatum,
1245 1481 1351 1535 quod
1372 1482 1610 1533 vulgabatur
1629 1487 1734 1531 ante,
1767 1482 1912 1521 habere
1932 1482 2108 1534 aliquam
2136 1483 2275 1534 proba·

296 1554 503 1605 bilitatem,
534 1554 684 1594 nullam
715 1554 749 1594 si
780 1554 1004 1594 conferatur
1033 1568 1122 1594 cum
1152 1553 1301 1594 codicis
1337 1553 1533 1607 scriptura
1561 1567 1664 1607 quae
1692 1560 1753 1594 est
1782 1557 1860 1594 ιαῆι
1890 1553 1927 1594 h.
1956 1568 1989 1594 e.
2011 1561 2150 1594 tamen.
2195 1551 2275 1594 Sed

295 1627 521 1678 quaerimus
551 1627 590 1664 in
621 1626 683 1665 his
714 1639 815 1678 quae
845 1627 993 1678 scripta
1021 1632 1114 1665 sunt
1143 1626 1183 1664 in
1214 1625 1349 1664 codice

624 1711 733 1749 reyes
766 1705 894 1737 tamen
925 1699 1042 1749 reqni
1074 1699 1139 1736 sui
1168 1710 1243 1749 per
1276 1697 1407 1748 officia
1442 1698 1711 1735 ministrorum
1745 1698 1928 1735 universa
1962 1705 2169 1736 noverunt:
2204 1698 2273 1736 deo

624 1769 786 1808 indiciis
815 1783 914 1822 opus
941 1783 1021 1809 non
1050 1776 1104 1808 est
2284 1763 2286 1765 ’

296 1840 391 1891 quid
422 1840 475 1878 sit
504 1840 610 1892 quod
639 1855 718 1879 non
748 1841 871 1892 probe
901 1841 1093 1892 scriptum
1124 1854 1211 1880 esse
1232 1841 1373 1879 merito
1403 1841 1663 1879 existimetur.
1709 1840 1895 1880 Halmius
1921 1840 2081 1893 quidem
2101 1841 2139 1879 in
2162 1853 2271 1892 prae-

294 1911 443 1950 fatione
473 1910 527 1963 (p.
548 1910 668 1961 xxlv)
696 1914 809 1964 reqni
827 1942 835 1950 .
861 1943 868 1951 .
891 1914 1074 1951 universa
1103 1914 1254 1951 novisse
1273 1912 1514 1950 locutionem
1536 1912 1603 1950 vix
1622 1912 1790 1951 latinam
1810 1926 1898 1952 esse
1918 1913 1975 1951 ait
1994 1920 2033 1951 et
2051 1912 2271 1951 Minucium

295 1982 394 2023 alias
424 1983 555 2036 aptius
584 1983 693 2036 loqui
723 1984 861 2024 solere.
915 1981 1071 2032 Quodsi
1107 1998 1244 2024 verum
1274 1991 1391 2035 esset,
1422 1990 1556 2023 tamen
1586 1984 1809 2024 cavendum
1838 1992 1934 2035 erat,
1970 1999 2019 2024 ne
2048 1984 2273 2024 abiicienda

294 2056 470 2095 universi
495 2055 668 2108 notione,
706 2069 806 2110 quae
836 2055 932 2110 quid
961 2055 1109 2097 faceret
1137 2055 1187 2096 ad
1218 2055 1458 2097 sententiam
1488 2070 1537 2097 ex
1566 2056 1655 2110 ipsa
1682 2056 1799 2098 facile
1828 2057 2129 2111 percipiebatur,
2159 2070 2271 2110 repo·

294 2128 427 2165 nenda
456 2134 588 2166 autem
617 2129 773 2166 diversa
801 2141 898 2167 voce
927 2129 1038 2167 inani
1066 2129 1155 2181 plus
1186 2128 1320 2167 damni
1350 2129 1520 2167 orationi
1555 2141 1675 2181 quam
1713 2128 1852 2168 salutis
1882 2129 2101 2168 afferretur:
2141 2142 2271 2182 neque

294 2201 370 2239 hoc
398 2200 551 2238 Halmii
582 2214 743 2239 sensum
772 2201 888 2252 plane
918 2201 1133 2253 praeteriit,
1165 2201 1232 2253 qui
1263 2214 1305 2240 se
1335 2206 1547 2253 antequam
1566 2201 1733 2240 Meursii
1763 2201 2078 2240 emendationem
2103 2214 2271 2252 cognos-

295 2277 401 2310 ceret
428 2279 570 2310 statum
599 2273 713 2324 reqni
731 2302 740 2311 .
763 2301 772 2310 .
793 2273 1017 2311 universum
1045 2272 1263 2312 coniecisse
1292 2272 1474 2323 adnotat3
1504 2272 1610 2326 quod
1640 2279 1723 2312 erat
1752 2272 1801 2311 ad
1831 2273 2069 2312 sententiam
2098 2287 2271 2313 commo-

294 2343 396 2395 dius,
428 2344 678 2384 coniecturae
709 2343 869 2396 quidem
898 2344 1222 2396 probabilitatem
1251 2344 1440 2385 adiuvare
1469 2360 1550 2384 non
1576 2351 1741 2397 poterat.
1785 2343 1863 2384 Sed
1892 2345 1997 2397 quod
2017 2352 2140 2397 negat
2159 2349 2274 2399 reqni

293 2417 475 2455 universa
496 2416 665 2455 latinum
694 2430 792 2467 esse,
824 2415 1075 2468 redarguitur
1106 2417 1168 2456 vel
1198 2416 1260 2457 his
1290 2431 1391 2470 quae
1420 2418 1660 2458 Ambrosius
1691 2417 1830 2457 scribit
1858 2417 1899 2456 in
1926 2416 2121 2458 Hexaem.
2143 2418 2212 2459 lib.
2233 2422 2267 2470 1,

294 2489 330 2538 9,
354 2489 406 2529 33
435 2496 589 2541 repente
615 2502 688 2541 per
715 2490 899 2528 universa
926 2490 1066 2528 mundi
1080 2489 1225 2542 fulqor
1243 2490 1340 2529 lucis
1359 2490 1528 2541 infusus,
1559 2489 1661 2542 quod
1683 2502 1798 2528 nemo
1823 2488 2100 2542 reprehendet,
2132 2504 2268 2544 quam-

293 2573 410 2611 quam
433 2559 669 2599 Ciceronem
698 2575 778 2599 non
807 2561 1036 2611 ignoramus
1065 2569 1186 2600 totum
1204 2562 1406 2610 mundum,
1437 2562 1622 2599 mundum
1640 2562 1864 2599 universum
1882 2561 2115 2614 plerumque
2136 2563 2267 2615 appel-

291 2629 386 2669 lare.
432 2630 511 2670 Sed
540 2631 639 2670 illud
669 2631 828 2671 dicendi
857 2646 982 2684 genus
1012 2632 1121 2671 nullo
1151 2638 1328 2685 tempore
1348 2647 1372 2672 a
1390 2632 1504 2671 latini
1525 2632 1717 2671 sermonis
1737 2646 1811 2671 usu
1832 2632 2007 2672 alienum
2028 2641 2128 2673 erat:
2160 2635 2269 2674 velut

292 2700 432 2752 Varro,
470 2710 514 2740 ut
542 2717 669 2755 pauca
697 2717 973 2755 memoremus,
1006 2704 1054 2742 de
1074 2704 1170 2756 ling.
1191 2705 1259 2743 lat.
1281 2705 1317 2754 5,
1343 2705 1420 2743 162
1441 2703 1579 2742 scribit
1596 2710 1855 2756 posteaquam
1873 2706 1916 2743 in
1936 2707 2137 2758 superiore
2153 2714 2268 2759 parte

293 2774 460 2813 cenitare
487 2783 713 2827 coeperunt,
744 2777 959 2828 superioris
987 2777 1124 2816 domus
1153 2778 1336 2815 universa
1364 2776 1547 2814 cenacula
1575 2776 1698 2825 dicta3
1735 2777 1805 2814 ubi
1837 2791 1916 2816 non
1952 2784 2108 2816 utemur
2141 2777 2265 2831 Spen-

292 2844 386 2895 gelii
422 2852 644 2886 commento
680 2848 747 2900 qui
782 2849 963 2901 superior
995 2849 1132 2888 domus
1166 2849 1348 2888 universa
1375 2847 1598 2887 cenaculum
1627 2848 1735 2888 dicta
1760 2849 2016 2889 scribendum
2041 2853 2262 2903 proposuit3

293 2915 475 2957 Catullus
504 2917 546 2956 in
567 2930 599 2957 c.
622 2918 687 2970 29,
710 2919 762 2959 23
791 2919 901 2960 urbis
929 2917 1070 2972 (orbis)
1091 2952 1100 2960 .
1121 2950 1131 2960 .
1151 2919 1381 2974 perdidistis
1410 2920 1558 2970 omnia3
1590 2925 1708 2973 poeta
1728 2918 1881 2962 Culicis
1902 2922 1956 2963 60
1976 2930 2012 2962 et
2024 2921 2167 2976 probet
2182 2923 2264 2964 illis

296 2988 439 3027 Omnia
468 2989 648 3028 luxuriae
674 2993 830 3043 pretiis3
860 3006 951 3030 nam
981 2992 1202 3044 Hauptium
1229 2992 1310 3029 illis
1338 2992 1490 3030 somnia
1519 2991 1544 3029 l.
1566 2994 1708 3045 spretis
1737 2992 1920 3032 edentem
1949 3007 2029 3033 non
2048 2995 2262 3047 probamus

292 3075 420 3114 neque
450 3066 608 3101 secutus
638 3068 699 3102 est
726 3061 792 3103 Fr.
813 3063 914 3114 Le03
946 3063 1101 3104 Gellius
1133 3063 1195 3114 14,
1222 3066 1254 3113 1,
1277 3063 1301 3103 3
1332 3064 1571 3104 crederemus
1606 3067 1739 3105 omnia
1772 3079 1902 3106 rerum
1935 3066 2195 3106 humanarum
2228 3076 2265 3108 et
