<?xml version="1.0" encoding="UTF-8"?>
<!DOCTYPE html PUBLIC "-//W3C//DTD XHTML 1.0 Transitional//EN"
    "http://www.w3.org/TR/xhtml1/DTD/xhtml1-transitional.dtd">
<html xmlns="http://www.w3.org/1999/xhtml" xml:lang="en" lang="en">
 <head>
  <title>
</title>
<meta http-equiv="Content-Type" content="text/html;charset=utf-8" />
  <meta name='ocr-system' content='tesseract 3.04.00' />
  <meta name='ocr-capabilities' content='ocr_page ocr_carea ocr_par ocr_line ocrx_word'/>
</head>
<body>
  <div class='ocr_page' id='page_1' title='image "4769555_0029.png"; bbox 0 0 2552 3470; ppageno 0'>
   <div class='ocr_carea' id='block_1_1' title="bbox 1279 95 1332 134">
    <p class='ocr_par' dir='ltr' id='par_1_1' title="bbox 1279 95 1332 134">
     <span class='ocr_line' id='line_1_1' title="bbox 1279 95 1332 134; baseline 0.019 -1"><span class='ocrx_word' id='word_1_1' title='bbox 1279 95 1332 134; x_wconf 85' lang='lat'><em>23</em></span> 
     </span>
    </p>
   </div>
   <div class='ocr_carea' id='block_1_2' title="bbox 312 203 2293 1049">
    <p class='ocr_par' dir='ltr' id='par_1_2' title="bbox 646 203 2293 254">
     <span class='ocr_line' id='line_1_2' title="bbox 646 203 2293 254; baseline 0 -12"><span class='ocrx_word' id='word_1_2' title='bbox 646 203 735 243; x_wconf 90' lang='lat' dir='ltr'><em>odio</em></span> <span class='ocrx_word' id='word_1_3' title='bbox 764 203 975 243; x_wconf 76' lang='lat' dir='ltr'><em>identidem</em></span> <span class='ocrx_word' id='word_1_4' title='bbox 1003 217 1223 244; x_wconf 89' lang='lat' dir='ltr'><em>sermonum</em></span> <span class='ocrx_word' id='word_1_5' title='bbox 1242 205 1414 243; x_wconf 88' lang='lat' dir='ltr'><em>omnium</em></span> <span class='ocrx_word' id='word_1_6' title='bbox 1444 203 1676 254; x_wconf 78' lang='lat' dir='ltr'><em>laboremus,</em></span> <span class='ocrx_word' id='word_1_7' title='bbox 1708 205 1765 243; x_wconf 77' lang='lat' dir='ltr'><em>ita</em></span> <span class='ocrx_word' id='word_1_8' title='bbox 1789 212 1831 243; x_wconf 79' lang='lat' dir='ltr'><em>ut</em></span> <span class='ocrx_word' id='word_1_9' title='bbox 1858 205 1900 243; x_wconf 90' lang='lat' dir='ltr'><em>in</em></span> <span class='ocrx_word' id='word_1_10' title='bbox 1930 205 2230 243; x_wconf 76' lang='lat' dir='ltr'><em>exsecrationem</em></span> <span class='ocrx_word' id='word_1_11' title='bbox 2257 211 2293 242; x_wconf 81' lang='lat' dir='ltr'><em>et</em></span> 
     </span>
    </p>

    <p class='ocr_par' dir='ltr' id='par_1_3' title="bbox 645 275 2290 329">
     <span class='ocr_line' id='line_1_3' title="bbox 645 275 2290 329; baseline -0.001 -15"><span class='ocrx_word' id='word_1_12' title='bbox 645 276 779 314; x_wconf 86' lang='lat' dir='ltr'><em>odium</em></span> <span class='ocrx_word' id='word_1_13' title='bbox 807 275 1005 315; x_wconf 75' lang='lat' dir='ltr'><em>hominum</em></span> <span class='ocrx_word' id='word_1_14' title='bbox 1027 276 1211 329; x_wconf 77' lang='lat' dir='ltr'><em>plerique</em></span> <span class='ocrx_word' id='word_1_15' title='bbox 1238 275 1496 329; x_wconf 83' lang='lat' dir='ltr'><em>simpliciores</em></span> <span class='ocrx_word' id='word_1_16' title='bbox 1516 276 1737 328; x_wconf 81' lang='lat' dir='ltr'><em>efferantur.</em></span> <span class='ocrx_word' id='word_1_17' title='bbox 1768 290 1859 315; x_wconf 88' lang='lat' dir='ltr'><em>nam</em></span> <span class='ocrx_word' id='word_1_18' title='bbox 1878 277 2031 315; x_wconf 76' lang='lat' dir='ltr'><em>incaute</em></span> <span class='ocrx_word' id='word_1_19' title='bbox 2050 275 2201 314; x_wconf 83' lang='lat' dir='ltr'><em>creduli</em></span> <span class='ocrx_word' id='word_1_20' title='bbox 2217 277 2290 313; x_wconf 86' lang='lat' dir='ltr'><em>cir-</em></span> 
     </span>
    </p>

    <p class='ocr_par' dir='ltr' id='par_1_4' title="bbox 644 347 2290 400">
     <span class='ocr_line' id='line_1_4' title="bbox 644 347 2290 400; baseline -0.001 -14"><span class='ocrx_word' id='word_1_21' title='bbox 644 349 938 386; x_wconf 82' lang='lat' dir='ltr'><em>cumveniuntur</em></span> <span class='ocrx_word' id='word_1_22' title='bbox 961 348 1010 386; x_wconf 86' lang='lat' dir='ltr'><em>ab</em></span> <span class='ocrx_word' id='word_1_23' title='bbox 1030 349 1081 386; x_wconf 86' lang='lat' dir='ltr'><em>iis</em></span> <span class='ocrx_word' id='word_1_24' title='bbox 1102 361 1198 400; x_wconf 85' lang='lat' dir='ltr'><em>quos</em></span> <span class='ocrx_word' id='word_1_25' title='bbox 1217 347 1336 387; x_wconf 80' lang='lat' dir='ltr'><em>honos</em></span> <span class='ocrx_word' id='word_1_26' title='bbox 1355 355 1609 400; x_wconf 74' lang='lat' dir='ltr'><em>putaverunt.-</em></span> <span class='ocrx_word' id='word_1_27' title='bbox 1639 361 1729 386; x_wconf 73' lang='lat' dir='ltr'><em>mox</em></span> <span class='ocrx_word' id='word_1_28' title='bbox 1749 361 1879 387; x_wconf 87' lang='lat' dir='ltr'><em>errore</em></span> <span class='ocrx_word' id='word_1_29' title='bbox 1897 348 2091 386; x_wconf 76' lang='lat' dir='ltr'><em>consimili</em></span> <span class='ocrx_word' id='word_1_30' title='bbox 2110 349 2190 385; x_wconf 79' lang='lat' dir='ltr'><em>iam</em></span> <span class='ocrx_word' id='word_1_31' title='bbox 2209 360 2290 385; x_wconf 87' lang='lat' dir='ltr'><em>sus—</em></span> 
     </span>
    </p>

    <p class='ocr_par' dir='ltr' id='par_1_5' title="bbox 545 420 2288 472">
     <span class='ocr_line' id='line_1_5' title="bbox 545 420 2288 472; baseline -0.001 -13"><span class='ocrx_word' id='word_1_32' title='bbox 545 427 586 459; x_wconf 86' lang='lat'><em>15</em></span> <span class='ocrx_word' id='word_1_33' title='bbox 638 422 762 472; x_wconf 73' lang='lat' dir='ltr'><em>pectis</em></span> <span class='ocrx_word' id='word_1_34' title='bbox 791 420 968 459; x_wconf 82' lang='lat' dir='ltr'><em>omnibus</em></span> <span class='ocrx_word' id='word_1_35' title='bbox 996 427 1039 459; x_wconf 79' lang='lat' dir='ltr'><em>ut</em></span> <span class='ocrx_word' id='word_1_36' title='bbox 1066 420 1264 472; x_wconf 82' lang='lat' dir='ltr'><em>improbos</em></span> <span class='ocrx_word' id='word_1_37' title='bbox 1283 428 1455 459; x_wconf 79' lang='lat' dir='ltr'><em>metuunt</em></span> <span class='ocrx_word' id='word_1_38' title='bbox 1474 422 1589 459; x_wconf 84' lang='lat' dir='ltr'><em>etiam</em></span> <span class='ocrx_word' id='word_1_39' title='bbox 1609 435 1705 472; x_wconf 82' lang='lat' dir='ltr'><em>quos</em></span> <span class='ocrx_word' id='word_1_40' title='bbox 1725 422 1890 472; x_wconf 77' lang='lat' dir='ltr'><em>optimos</em></span> <span class='ocrx_word' id='word_1_41' title='bbox 1910 421 2051 458; x_wconf 81' lang='lat' dir='ltr'><em>sentire</em></span> <span class='ocrx_word' id='word_1_42' title='bbox 2065 427 2288 471; x_wconf 79' lang='lat' dir='ltr'><em>potuerunt.</em></span> 
     </span>
    </p>

    <p class='ocr_par' dir='ltr' id='par_1_6' title="bbox 314 491 2287 544">
     <span class='ocr_line' id='line_1_6' title="bbox 314 491 2287 544; baseline -0.001 -13"><span class='ocrx_word' id='word_1_43' title='bbox 314 491 509 544; x_wconf 86' lang='lat' dir='ltr'><em>Apertum</em></span> <span class='ocrx_word' id='word_1_44' title='bbox 545 498 606 532; x_wconf 85' lang='lat' dir='ltr'><em>est</em></span> <span class='ocrx_word' id='word_1_45' title='bbox 634 491 697 532; x_wconf 87' lang='lat' dir='ltr'><em>vel</em></span> <span class='ocrx_word' id='word_1_46' title='bbox 732 491 860 533; x_wconf 87' lang='lat' dir='ltr'><em>obiter</em></span> <span class='ocrx_word' id='word_1_47' title='bbox 894 491 1042 544; x_wconf 85' lang='lat' dir='ltr'><em>legenti</em></span> <span class='ocrx_word' id='word_1_48' title='bbox 1076 491 1175 532; x_wconf 84' lang='lat' dir='ltr'><em>haec</em></span> <span class='ocrx_word' id='word_1_49' title='bbox 1211 506 1300 532; x_wconf 88' lang='lat' dir='ltr'><em>cum</em></span> <span class='ocrx_word' id='word_1_50' title='bbox 1329 492 1409 531; x_wconf 89' lang='lat' dir='ltr'><em>illis</em></span> <span class='ocrx_word' id='word_1_51' title='bbox 1440 507 1529 532; x_wconf 86' lang='lat' dir='ltr'><em>cum</em></span> <span class='ocrx_word' id='word_1_52' title='bbox 1563 493 1604 532; x_wconf 88' lang='lat' dir='ltr'><em>in</em></span> <span class='ocrx_word' id='word_1_53' title='bbox 1640 492 1824 531; x_wconf 86' lang='lat' dir='ltr'><em>universo</em></span> <span class='ocrx_word' id='word_1_54' title='bbox 1860 491 2141 544; x_wconf 79' lang='lat' dir='ltr'><em>disputationis</em></span> <span class='ocrx_word' id='word_1_55' title='bbox 2177 506 2287 541; x_wconf 87' lang='lat' dir='ltr'><em>argu-</em></span> 
     </span>
    </p>

    <p class='ocr_par' dir='ltr' id='par_1_7' title="bbox 313 563 2288 617">
     <span class='ocr_line' id='line_1_7' title="bbox 313 563 2288 617; baseline -0.001 -15"><span class='ocrx_word' id='word_1_56' title='bbox 313 570 446 603; x_wconf 83' lang='lat' dir='ltr'><em>mento</em></span> <span class='ocrx_word' id='word_1_57' title='bbox 477 571 561 603; x_wconf 83' lang='lat' dir='ltr'><em>tum</em></span> <span class='ocrx_word' id='word_1_58' title='bbox 589 564 632 603; x_wconf 87' lang='lat' dir='ltr'><em>in</em></span> <span class='ocrx_word' id='word_1_59' title='bbox 660 564 796 604; x_wconf 81' lang='lat' dir='ltr'><em>multis</em></span> <span class='ocrx_word' id='word_1_60' title='bbox 826 564 1034 604; x_wconf 80' lang='lat' dir='ltr'><em>sententiis</em></span> <span class='ocrx_word' id='word_1_61' title='bbox 1064 564 1231 616; x_wconf 88' lang='lat' dir='ltr'><em>singulis</em></span> <span class='ocrx_word' id='word_1_62' title='bbox 1261 578 1449 616; x_wconf 87' lang='lat' dir='ltr'><em>magnum</em></span> <span class='ocrx_word' id='word_1_63' title='bbox 1480 565 1521 604; x_wconf 92' lang='lat' dir='ltr'><em>in</em></span> <span class='ocrx_word' id='word_1_64' title='bbox 1552 564 1713 604; x_wconf 90' lang='lat' dir='ltr'><em>modum</em></span> <span class='ocrx_word' id='word_1_65' title='bbox 1743 564 1987 617; x_wconf 84' lang='lat' dir='ltr'><em>conspirare:</em></span> <span class='ocrx_word' id='word_1_66' title='bbox 2025 577 2125 616; x_wconf 85' lang='lat' dir='ltr'><em>quae</em></span> <span class='ocrx_word' id='word_1_67' title='bbox 2156 563 2288 614; x_wconf 88' lang='lat' dir='ltr'><em>singu-</em></span> 
     </span>
    </p>

    <p class='ocr_par' dir='ltr' id='par_1_8' title="bbox 314 636 2287 690">
     <span class='ocr_line' id='line_1_8' title="bbox 314 636 2287 690; baseline 0 -15"><span class='ocrx_word' id='word_1_68' title='bbox 314 636 427 675; x_wconf 81' lang='lat' dir='ltr'><em>latim</em></span> <span class='ocrx_word' id='word_1_69' title='bbox 451 637 635 690; x_wconf 86' lang='lat' dir='ltr'><em>persequi</em></span> <span class='ocrx_word' id='word_1_70' title='bbox 665 637 766 676; x_wconf 87' lang='lat' dir='ltr'><em>velle</em></span> <span class='ocrx_word' id='word_1_71' title='bbox 797 651 867 690; x_wconf 87' lang='lat' dir='ltr'><em>per</em></span> <span class='ocrx_word' id='word_1_72' title='bbox 895 636 1031 676; x_wconf 84' lang='lat' dir='ltr'><em>omnia</em></span> <span class='ocrx_word' id='word_1_73' title='bbox 1059 636 1230 676; x_wconf 90' lang='lat' dir='ltr'><em>otiosum</em></span> <span class='ocrx_word' id='word_1_74' title='bbox 1260 645 1331 676; x_wconf 86' lang='lat' dir='ltr'><em>est.</em></span> <span class='ocrx_word' id='word_1_75' title='bbox 1392 637 1563 677; x_wconf 86' lang='lat' dir='ltr'><em>Tantum</em></span> <span class='ocrx_word' id='word_1_76' title='bbox 1594 636 1762 676; x_wconf 84' lang='lat' dir='ltr'><em>dicimus</em></span> <span class='ocrx_word' id='word_1_77' title='bbox 1795 636 1924 676; x_wconf 82' lang='lat' dir='ltr'><em>brevi:</em></span> <span class='ocrx_word' id='word_1_78' title='bbox 1961 636 2193 676; x_wconf 81' lang='lat' dir='ltr'><em>Minuciana</em></span> <span class='ocrx_word' id='word_1_79' title='bbox 2221 636 2287 688; x_wconf 93' lang='lat' dir='ltr'><em>qui</em></span> 
     </span>
    </p>

    <p class='ocr_par' dir='ltr' id='par_1_9' title="bbox 313 708 2290 761">
     <span class='ocr_line' id='line_1_9' title="bbox 313 708 2290 761; baseline -0.001 -13"><span class='ocrx_word' id='word_1_80' title='bbox 313 708 494 761; x_wconf 86' lang='lat' dir='ltr'><em>impenso</em></span> <span class='ocrx_word' id='word_1_81' title='bbox 525 708 656 749; x_wconf 85' lang='lat' dir='ltr'><em>studio</em></span> <span class='ocrx_word' id='word_1_82' title='bbox 686 709 735 748; x_wconf 82' lang='lat' dir='ltr'><em>ad</em></span> <span class='ocrx_word' id='word_1_83' title='bbox 755 709 935 749; x_wconf 82' lang='lat' dir='ltr'><em>Platonis</em></span> <span class='ocrx_word' id='word_1_84' title='bbox 966 709 1192 761; x_wconf 88' lang='lat' dir='ltr'><em>exemplum</em></span> <span class='ocrx_word' id='word_1_85' title='bbox 1221 710 1400 748; x_wconf 84' lang='lat' dir='ltr'><em>retulerit</em></span> <span class='ocrx_word' id='word_1_86' title='bbox 1430 711 1487 748; x_wconf 85' lang='lat' dir='ltr'><em>sio</em></span> <span class='ocrx_word' id='word_1_87' title='bbox 1518 709 1729 748; x_wconf 81' lang='lat' dir='ltr'><em>scribenda</em></span> <span class='ocrx_word' id='word_1_88' title='bbox 1758 723 1846 748; x_wconf 87' lang='lat' dir='ltr'><em>esse</em></span> <span class='ocrx_word' id='word_1_89' title='bbox 1876 709 2072 759; x_wconf 83' lang='lat' dir='ltr'><em>intelliget</em></span> <span class='ocrx_word' id='word_1_90' title='bbox 2100 715 2143 746; x_wconf 86' lang='lat' dir='ltr'><em>ut</em></span> <span class='ocrx_word' id='word_1_91' title='bbox 2170 722 2290 760; x_wconf 85' lang='lat' dir='ltr'><em>supra</em></span> 
     </span>
    </p>

    <p class='ocr_par' dir='ltr' id='par_1_10' title="bbox 313 777 2289 834">
     <span class='ocr_line' id='line_1_10' title="bbox 313 777 2289 834; baseline -0.001 -14"><span class='ocrx_word' id='word_1_92' title='bbox 313 779 364 820; x_wconf 84' lang='lat' dir='ltr'><em>ad</em></span> <span class='ocrx_word' id='word_1_93' title='bbox 389 780 537 821; x_wconf 84' lang='lat' dir='ltr'><em>codicis</em></span> <span class='ocrx_word' id='word_1_94' title='bbox 562 780 682 821; x_wconf 90' lang='lat' dir='ltr'><em>fidem</em></span> <span class='ocrx_word' id='word_1_95' title='bbox 703 786 843 821; x_wconf 82' lang='lat' dir='ltr'><em>exacta</em></span> <span class='ocrx_word' id='word_1_96' title='bbox 863 780 1057 832; x_wconf 87' lang='lat' dir='ltr'><em>dedimus,</em></span> <span class='ocrx_word' id='word_1_97' title='bbox 1080 794 1208 834; x_wconf 89' lang='lat' dir='ltr'><em>neque</em></span> <span class='ocrx_word' id='word_1_98' title='bbox 1229 787 1297 820; x_wconf 84' lang='lat' dir='ltr'><em>aut</em></span> <span class='ocrx_word' id='word_1_99' title='bbox 1317 782 1459 820; x_wconf 79' lang='lat' dir='ltr'><em>iudicis</em></span> <span class='ocrx_word' id='word_1_100' title='bbox 1480 779 1541 831; x_wconf 84' lang='lat'><em>(9)</em></span> <span class='ocrx_word' id='word_1_101' title='bbox 1561 780 1793 820; x_wconf 77' lang='lat' dir='ltr'><em>mutandum</em></span> <span class='ocrx_word' id='word_1_102' title='bbox 1814 780 1936 820; x_wconf 87' lang='lat' dir='ltr'><em>fuisse</em></span> <span class='ocrx_word' id='word_1_103' title='bbox 1957 786 2025 820; x_wconf 81' lang='lat' dir='ltr'><em>aut</em></span> <span class='ocrx_word' id='word_1_104' title='bbox 2045 781 2209 819; x_wconf 88' lang='lat' dir='ltr'><em>adsidue</em></span> <span class='ocrx_word' id='word_1_105' title='bbox 2228 777 2289 830; x_wconf 85' lang='lat'><em>(9)</em></span> 
     </span>
    </p>

    <p class='ocr_par' dir='ltr' id='par_1_11' title="bbox 314 850 2287 907">
     <span class='ocr_line' id='line_1_11' title="bbox 314 850 2287 907; baseline -0.001 -14"><span class='ocrx_word' id='word_1_106' title='bbox 314 853 377 893; x_wconf 90' lang='lat' dir='ltr'><em>vel</em></span> <span class='ocrx_word' id='word_1_107' title='bbox 406 853 511 907; x_wconf 92' lang='lat' dir='ltr'><em>quod</em></span> <span class='ocrx_word' id='word_1_108' title='bbox 541 854 719 907; x_wconf 84' lang='lat' dir='ltr'><em>sequitur</em></span> <span class='ocrx_word' id='word_1_109' title='bbox 746 854 954 893; x_wconf 77' lang='lat' dir='ltr'><em>identidem</em></span> <span class='ocrx_word' id='word_1_110' title='bbox 982 850 1081 905; x_wconf 81' lang='lat'><strong>(12),</strong></span> <span class='ocrx_word' id='word_1_111' title='bbox 1119 867 1285 907; x_wconf 89' lang='lat' dir='ltr'><em>quorum</em></span> <span class='ocrx_word' id='word_1_112' title='bbox 1322 860 1529 907; x_wconf 86' lang='lat' dir='ltr'><em>utrumque</em></span> <span class='ocrx_word' id='word_1_113' title='bbox 1565 868 1614 893; x_wconf 85' lang='lat' dir='ltr'><em>ex</em></span> <span class='ocrx_word' id='word_1_114' title='bbox 1645 853 1825 893; x_wconf 83' lang='lat' dir='ltr'><em>Platonis</em></span> <span class='ocrx_word' id='word_1_115' title='bbox 1856 853 2033 892; x_wconf 83' lang='lat' dir='ltr'><em>oratione</em></span> <span class='ocrx_word' id='word_1_116' title='bbox 2065 853 2159 892; x_wconf 84' lang='lat' dir='ltr'><em>satis</em></span> <span class='ocrx_word' id='word_1_117' title='bbox 2195 852 2287 891; x_wconf 88' lang='lat' dir='ltr'><em>fidei</em></span> 
     </span>
    </p>

    <p class='ocr_par' dir='ltr' id='par_1_12' title="bbox 312 922 2288 1049">
     <span class='ocr_line' id='line_1_12' title="bbox 312 922 2288 978; baseline -0.001 -14"><span class='ocrx_word' id='word_1_118' title='bbox 312 926 572 975; x_wconf 81' lang='lat' dir='ltr'><em>nanciscitur3</em></span> <span class='ocrx_word' id='word_1_119' title='bbox 596 939 686 965; x_wconf 87' lang='lat' dir='ltr'><em>eum</em></span> <span class='ocrx_word' id='word_1_120' title='bbox 701 939 794 965; x_wconf 86' lang='lat' dir='ltr'><em>vero</em></span> <span class='ocrx_word' id='word_1_121' title='bbox 811 925 1007 965; x_wconf 87' lang='lat' dir='ltr'><em>editorum</em></span> <span class='ocrx_word' id='word_1_122' title='bbox 1022 925 1190 965; x_wconf 88' lang='lat' dir='ltr'><em>Minucii</em></span> <span class='ocrx_word' id='word_1_123' title='bbox 1206 927 1271 978; x_wconf 89' lang='lat' dir='ltr'><em>qui</em></span> <span class='ocrx_word' id='word_1_124' title='bbox 1294 927 1421 965; x_wconf 78' lang='lat' dir='ltr'><em>taedio</em></span> <span class='ocrx_word' id='word_1_125' title='bbox 1443 926 1563 965; x_wconf 83' lang='lat' dir='ltr'><em>scribi</em></span> <span class='ocrx_word' id='word_1_126' title='bbox 1581 932 1760 977; x_wconf 85' lang='lat' dir='ltr'><em>oportere</em></span> <span class='ocrx_word' id='word_1_127' title='bbox 1777 939 1847 977; x_wconf 88' lang='lat' dir='ltr'><em>pro</em></span> <span class='ocrx_word' id='word_1_128' title='bbox 1864 927 1953 964; x_wconf 83' lang='lat' dir='ltr'><em>odio</em></span> <span class='ocrx_word' id='word_1_129' title='bbox 1970 939 2188 964; x_wconf 83' lang='lat' dir='ltr'><em>sermonum</em></span> <span class='ocrx_word' id='word_1_130' title='bbox 2200 922 2288 974; x_wconf 82' lang='lat'>(12)</span> 
     </span>
     <span class='ocr_line' id='line_1_13' title="bbox 314 997 1345 1049; baseline 0.001 -13"><span class='ocrx_word' id='word_1_131' title='bbox 314 997 554 1036; x_wconf 84' lang='lat' dir='ltr'><em>coniectaret</em></span> <span class='ocrx_word' id='word_1_132' title='bbox 581 997 739 1049; x_wconf 85' lang='lat' dir='ltr'><em>longius</em></span> <span class='ocrx_word' id='word_1_133' title='bbox 770 1011 794 1036; x_wconf 85' lang='lat' dir='ltr'>a</span> <span class='ocrx_word' id='word_1_134' title='bbox 821 1011 915 1036; x_wconf 86' lang='lat' dir='ltr'><em>vera</em></span> <span class='ocrx_word' id='word_1_135' title='bbox 944 997 1097 1036; x_wconf 82' lang='lat' dir='ltr'><em>ratione</em></span> <span class='ocrx_word' id='word_1_136' title='bbox 1127 998 1345 1037; x_wconf 81' lang='lat' dir='ltr'><em>aberrasse.</em></span> 
     </span>
    </p>
   </div>
   <div class='ocr_carea' id='block_1_3' title="bbox 511 1100 1346 1144">
    <p class='ocr_par' dir='ltr' id='par_1_13' title="bbox 511 1100 1346 1144">
     <span class='ocr_line' id='line_1_14' title="bbox 511 1100 1346 1144; baseline 0 -2"><span class='ocrx_word' id='word_1_137' title='bbox 511 1100 596 1143; x_wconf 80' lang='lat' dir='ltr'><em>Sor.</em></span> <span class='ocrx_word' id='word_1_138' title='bbox 618 1118 668 1143; x_wconf 90' lang='lat' dir='ltr'><em>m.</em></span> <span class='ocrx_word' id='word_1_139' title='bbox 693 1102 906 1143; x_wconf 85' lang='lat' dir='ltr'><em>Decembri</em></span> <span class='ocrx_word' id='word_1_140' title='bbox 936 1117 969 1142; x_wconf 86' lang='lat' dir='ltr'><em>a.</em></span> <span class='ocrx_word' id='word_1_141' title='bbox 993 1100 1346 1144; x_wconf 85' lang='lat' dir='ltr'>MDGCGXOIII.</span> 
     </span>
    </p>
   </div>
  </div>
 </body>
</html>
