2552 3470
1252 145 1304 184 14

278 268 386 293 nunc
414 256 462 293 de
486 255 668 307 yentibus
697 263 788 294 sunt
814 252 1024 307 tropaea*)
1054 254 1187 304 edunt,
1219 255 1255 293 ei
1284 267 1364 293 non
1385 254 1631 306 probabitur,
1654 254 1689 293 si
1709 253 1798 306 quis
1818 254 1861 293 in
1880 252 1957 293 hoc
1976 265 2120 305 genere
2141 252 2264 305 scrip-

277 332 409 366 torum
439 340 561 379 quam
593 326 823 380 frequenter
855 327 1055 365 similibus
1089 325 1299 365 sententiis
1329 333 1365 364 et
1391 324 1588 376 particula
1622 325 1806 377 quamvis
1841 338 2137 378 supervacanea
2170 324 2266 363 addi

279 396 406 437 soleat
435 397 668 447 attenderit3
700 398 759 438 sic
779 396 1063 444 Tertullianus,
1094 410 1144 435 ne
1174 395 1276 435 nihil
1301 395 1354 435 sit
1379 395 1563 448 exempli,
1587 401 1726 435 contra
1745 397 1908 446 gnost.l
1931 403 1987 436 tot
2003 409 2149 435 venena
2170 402 2264 447 quot

278 476 315 508 et
339 482 498 522 yenera,
529 476 584 509 tot
609 470 803 522 pernicies
832 475 927 521 quot
954 474 990 507 et
1015 468 1175 520 speeies,
1205 474 1261 507 tot
1284 467 1437 508 dolores
1466 474 1561 520 quot
1580 474 1616 507 et
1633 467 1795 518 colores,
1825 472 1865 507 et
1884 467 1990 508 idem
2016 466 2262 519 saepissime,

280 540 343 579 vel
365 538 594 594 Cyprianus
615 540 663 579 de
690 541 794 579 bono
819 539 1035 592 patientiae
1065 552 1099 578 c.
1121 539 1146 579 2
1175 536 1271 590 (vol.
1296 540 1314 578 1
1348 553 1386 592 p.
1410 536 1507 589 397)
1536 546 1616 579 tam
1634 538 1718 578 illic
1734 540 1929 592 patientia
1935 538 2054 592 falsa
2072 545 2128 579 est
2145 551 2265 592 quam

279 620 316 651 et
330 613 451 663 falsa
478 614 673 665 sapientia
701 619 777 657 est,·
813 611 877 649 vel
908 611 1023 660 idem,
1056 624 1106 649 ne
1137 610 1185 649 de
1216 611 1349 663 positu
1378 611 1596 663 particulae
1626 609 1730 663 apud
1760 610 1983 650 Minucium
2014 611 2183 662 dubites,
2216 609 2264 650 de

280 697 398 735 opere
428 690 468 723 et
498 685 682 723 eleemos.
714 696 746 722 c.
771 683 822 723 18
851 681 906 733 (p.
930 681 1028 732 387)
1058 690 1304 735 quantusque
1333 690 1418 721 erat
1443 684 1487 720 in
1516 683 1630 721 domo
1658 684 1872 734 piqnorum
1898 696 2097 733 numerus,
2135 690 2265 722 tantus

280 755 451 796 dabatur
477 756 546 796 deo
577 764 613 795 et
639 768 824 794 numerus
854 754 1081 795 hostiarum.
1128 753 1208 795 Sed
1231 769 1303 794 nos
1325 756 1422 794 haec
1452 762 1491 794 et
1521 755 1670 794 similia
1698 769 1776 794 non
1799 769 2100 807 persequemur:
2131 755 2179 794 de
2200 769 2264 794 ex-

279 827 416 865 tremis
447 832 601 865 tantum
632 825 926 878 disputabimus
962 825 1098 865 dedita
1126 839 1265 878 opera3
1303 826 1345 865 in
1375 826 1521 879 quibus
1550 823 1640 877 (12)
1664 826 1965 879 postulaverant
1992 840 2062 879 per
2092 839 2264 865 errorem

279 899 469 951 scriptum
500 912 587 938 esse
616 886 817 938 neminem
846 897 964 949 fugit3
1001 898 1113 938 cuius
1150 897 1389 938 emendandi
1424 888 1550 938 causa
1574 897 1681 950 quod
1711 912 1735 937 a
1764 897 1985 938 Dombarto
2016 898 2264 950 propositum

278 976 339 1010 est
356 977 656 1023 prostraverant
673 969 900 1022 speciosum
922 976 982 1010 est
1002 969 1218 1023 multisque
1238 970 1471 1023 perplacuit,
1504 970 1574 1011 sed
1605 971 1671 1011 ubi
1699 985 1814 1011 suum
1834 970 1964 1011 locum
1993 970 2036 1009 in
2067 969 2266 1010 sententia

277 1043 508 1094 occupabat,
540 1042 681 1081 turbae
711 1041 960 1092 oriebantur3
992 1055 1092 1094 quas
1123 1048 1165 1081 ut
1200 1049 1388 1094 pacarent
1416 1044 1484 1081 sed
1513 1049 1731 1095 posuerunt
1764 1056 1835 1095 pro
1871 1049 1922 1092 et,
1957 1041 2033 1081 hac
2067 1040 2266 1081 sententia

277 1119 461 1165 separata
490 1127 514 1152 a
542 1114 690 1165 priore,
726 1114 768 1152 in
806 1127 885 1166 qua
912 1115 991 1153 iam
1027 1122 1245 1167 rapuerant
1274 1114 1499 1154 maluerunt
1531 1128 1649 1167 quam
1683 1122 1901 1168 rapuerunt
1930 1114 2064 1153 scribi.
2123 1112 2264 1165 Itaque

277 1185 327 1223 ab
348 1184 418 1223 illo
439 1184 555 1223 initio
575 1184 734 1234 longius
755 1185 1103 1236 progredientibus
1125 1185 1296 1237 denique
1318 1186 1416 1224 haec
1436 1187 1560 1224 oratio
1586 1185 1686 1225 nata'
1706 1194 1767 1224 est
1791 1199 1915 1238 neque
1934 1186 2037 1223 enim
2053 1191 2267 1236 potuerunt

274 1256 319 1294 in
350 1256 452 1307 ipsis
485 1254 596 1294 bellis
632 1256 722 1295 deos
757 1257 954 1295 adiutores
990 1256 1147 1306 habere,
1183 1258 1369 1296 adversus
1399 1270 1496 1310 quos
1525 1270 1639 1297 arma
1672 1263 1911 1310 rapuerant:
1948 1257 2016 1296 sed
2044 1269 2141 1308 quos
2165 1268 2264 1308 pro-

276 1334 499 1367 straverant
518 1327 827 1381 detriumphatos
847 1328 968 1367 eolere
988 1336 1206 1380 coeperunt.
1237 1328 1300 1367 Ita
1320 1342 1412 1368 vero
1433 1329 1583 1381 primae
1605 1328 1866 1378 coniecturae,
1898 1341 1999 1380 quae
2028 1327 2183 1379 reliqua
2212 1340 2264 1366 ex

278 1412 320 1438 se
351 1398 523 1451 peperit,
554 1399 818 1452 probabilitas
848 1399 982 1452 periit,
1015 1414 1088 1439 nec
1119 1401 1317 1440 sententia
1346 1401 1435 1453 ipsa
1463 1401 1504 1440 in
1535 1400 1640 1440 hunc
1670 1400 1831 1440 modum
1861 1400 2078 1440 constituta
2107 1398 2264 1451 placere

277 1477 421 1523 potest,
452 1484 553 1524 quae
582 1471 633 1511 ab
664 1485 710 1511 eo
741 1471 924 1523 discedit,
956 1469 1060 1525 qnod
1093 1487 1289 1512 summum
1322 1479 1417 1525 erat,
1450 1486 1520 1512 cur
1549 1473 1645 1513 deos
1675 1473 1841 1513 hostiles
1862 1471 2034 1513 Romani
2064 1470 2263 1511 adiutores

277 1544 319 1581 in
349 1543 466 1582 bellis
495 1543 644 1582 habere
673 1558 753 1583 non
784 1544 997 1596 potuerint.
1041 1544 1182 1597 Itaque
1209 1545 1452 1584 redeundum
1475 1552 1536 1584 est
1556 1545 1606 1584 ad
1628 1544 1814 1584 traditam
1834 1544 2001 1584 formam
2021 1556 2144 1597 neque
2163 1544 2265 1583 enim

273 1622 488 1667 potuerunt
514 1617 557 1654 in
585 1616 687 1667 ipsis
716 1616 826 1654 bellis
856 1617 946 1655 deos
976 1617 1175 1655 adiutores
1205 1617 1345 1655 habere
1373 1618 1560 1656 adversus
1590 1631 1688 1668 quos
1717 1631 1832 1655 arma
1858 1623 2077 1669 rapuerunt
2105 1623 2141 1654 et
2169 1628 2265 1667 quos

274 1686 571 1739 postulaverant
603 1687 912 1739 detriumphatos
946 1687 1068 1727 colere
1101 1696 1327 1741 coeperunt,
1366 1695 1405 1727 et
1439 1688 1514 1728 hoc
1549 1689 1628 1727 iam
1658 1688 1825 1727 firmiter
1854 1686 2069 1726 tenendum
2106 1692 2167 1726 est
2194 1701 2266 1739 par

276 1758 571 1797 enuntiatorum
601 1758 859 1797 relativorum
889 1759 1075 1797 adversus
1106 1773 1203 1811 quos
1232 1773 1345 1798 arma
1373 1767 1591 1812 rapuerunt
1621 1767 1655 1798 et
1684 1773 1780 1812 quos
1810 1758 2117 1812 detriumphatos
2143 1758 2266 1797 colere

276 1838 485 1883 coeperunt
513 1830 775 1870 coniectando
801 1832 986 1882 temptari
1008 1846 1087 1870 non
1111 1829 1342 1881 debere**);
1365 1833 1405 1870 in
1427 1845 1595 1883 quorum
1615 1832 1741 1870 altero
1761 1831 1794 1870 si
1816 1837 1950 1869 tamen
1969 1837 2268 1882 prostraverant

275 1899 364 1955 (pro
394 1897 711 1955 postulaverant)
745 1901 1021 1954 recipiendum
1055 1908 1127 1954 est,
1165 1902 1240 1943 hoc
1275 1917 1356 1943 non
1391 1909 1523 1955 potest
1555 1903 1642 1943 fieri
1672 1903 1747 1942 nisi
1779 1902 1916 1942 addita
1944 1901 2140 1954 particula
2169 1908 2264 1940 tem-

275 1973 421 2025 porali:
453 1981 489 2012 et
507 1986 605 2027 quos
625 1973 693 2014 ubi
714 1971 963 2027 (postquam)
977 1982 1279 2028 prostraverant
1297 1975 1607 2030 detriumphatos
1627 1975 1750 2015 colere
1769 1981 1993 2029 coeperunt3
2015 1974 2085 2014 sed
2107 1973 2193 2026 hoc,
2215 1987 2265 2013 ne

275 2046 373 2097 quid
403 2045 451 2084 de
472 2047 650 2085 oratione
673 2045 864 2096 dicamus,
897 2047 1136 2085 emendandi
1167 2047 1328 2100 quidem
1355 2047 1636 2100 probabilitate
1658 2061 1736 2086 non
1759 2045 2078 2096 commendatur3
2108 2045 2265 2098 utrique

274 2117 418 2158 melius
439 2118 620 2168 satisfiet,
652 2133 702 2157 ex
726 2120 1028 2171 postulaverant
1057 2121 1090 2158 si
1122 2127 1376 2172 recuperatur
1402 2129 1495 2172 post
1517 2122 1733 2167 victoriam,
1765 2120 1803 2158 h.
1826 2134 1859 2158 e.
1882 2119 1987 2157 idem
2018 2118 2122 2169 quod
2145 2132 2265 2169 supra

273 2189 314 2229 in
345 2189 467 2230 simili
494 2190 673 2231 oratione
704 2190 877 2242 positum
908 2198 992 2231 erat
1013 2188 1074 2242 (7)
1104 2193 1279 2244 captivas
1309 2207 1374 2231 eas
1402 2199 1493 2244 post
1516 2193 1702 2231 victorias
1728 2193 1909 2240 adorare,
1943 2197 1982 2229 et
2002 2190 2107 2242 quod
2128 2190 2168 2228 in
2192 2189 2266 2228 hac

274 2262 475 2301 sententia
499 2268 661 2315 propter
687 2262 995 2315 detriumphatos
1016 2277 1133 2314 aegre
1155 2263 1372 2302 desiderari
1404 2269 1575 2315 poterat3
1608 2263 1713 2316 quod
1745 2277 1814 2315 per
1843 2276 2014 2302 errorem
2046 2261 2194 2301 abiisse
2223 2261 2264 2300 in

272 2333 567 2387 postulaverant
596 2333 748 2374 nemini
778 2333 1015 2375 incredibile
1045 2334 1246 2375 videbitur
1267 2349 1357 2375 cum
1379 2334 1585 2387 deliberat,
1617 2335 1837 2376 scribentes
1868 2348 1985 2388 saepe
2016 2333 2148 2387 specie
2174 2332 2264 2373 duci

275 2420 394 2458 quam
426 2421 475 2445 ex
505 2408 645 2458 primis
666 2407 834 2459 syllabis
856 2408 1020 2459 capiunt
1039 2408 1161 2447 totius
1185 2408 1381 2456 vocabuli,
1405 2414 1444 2446 et
1464 2421 1514 2446 ex
1534 2407 1648 2447 initio
1670 2407 1786 2447 huius
1808 2407 2027 2459 scripturae
2042 2404 2211 2460 postuict
2230 2405 2264 2444 si

475 2576 508 2616 *)
534 2575 665 2609 Eadem
689 2575 908 2609 correctione
933 2575 1092 2609 Halmius
1116 2587 1200 2609 usus
1224 2587 1252 2609 c.
1278 2578 1329 2618 19,
1356 2577 1395 2609 15
1425 2586 1486 2618 pro
1518 2576 1571 2608 his
1595 2586 1683 2617 quae
1708 2581 1790 2609 sunt
1812 2575 1848 2608 in
1873 2576 1990 2608 codice
2013 2576 2121 2608 eadem
2142 2574 2213 2615 fere
2237 2580 2265 2606 et

273 2638 336 2671 ista
359 2648 441 2681 quae
470 2642 577 2669 nostra
607 2642 681 2669 sunt
703 2635 813 2669 edidit
836 2636 1033 2678 ceterisque
1058 2637 1220 2679 probavit
1244 2639 1351 2671 eadem
1368 2636 1445 2680 fere
1468 2642 1541 2669 sunt
1562 2638 1622 2670 ista
1645 2648 1726 2680 quae
1749 2642 1857 2670 nostra
1880 2642 1968 2675 sunt,·
1998 2636 2059 2670 sed
2081 2638 2265 2678 postquam

274 2697 446 2731 Minucius
461 2696 498 2730 in
515 2697 635 2731 eodem
653 2695 767 2738 capite
784 2695 852 2730 iam
870 2696 922 2730 bis
938 2697 1221 2740 philosophorum
1238 2708 1312 2732 enm
1338 2697 1542 2731 christianis
1560 2708 1762 2730 eonsensum
1779 2697 1985 2730 memoravit
2022 2697 2044 2728 4
2061 2697 2147 2728 vides
2162 2696 2266 2738 philo-

274 2757 364 2801 sophi
381 2757 573 2801 principalis
596 2756 756 2790 nobiseum
777 2757 900 2800 penitus
922 2758 1097 2801 opinionem
1120 2769 1292 2792 consonare
1298 2771 1308 2798 ,-
1332 2757 1353 2791 5
1375 2758 1485 2792 luorum
1508 2769 1626 2802 quoque
1648 2759 1758 2792 similis
1782 2759 1820 2792 de
1841 2759 2005 2792 divinitate
2028 2757 2187 2791 consensio
2211 2762 2266 2798 est,

275 2823 371 2852 certe
396 2825 425 2851 et
446 2819 509 2851 ista
531 2818 684 2851 habebat
707 2827 774 2859 qno
799 2818 1005 2851 referretur.

472 2877 528 2920 ”)
552 2878 661 2921 quue
680 2878 892 2912 Dombartus
908 2886 1032 2922 postea
1056 2878 1130 2922 ipse
1147 2880 1336 2923 perspexit,
1361 2879 1420 2921 qui
1444 2880 1478 2912 in
1502 2879 1653 2913 editione
1679 2891 1711 2913 a.
1730 2880 1812 2913 1881
1838 2886 1868 2913 et
1890 2890 1965 2922 quos
1988 2878 2138 2912 retinuit
2161 2880 2264 2913 verbo

272 2940 511 2983 postulaverant
524 2938 668 2973 incluso.
686 2957 727 2963 —
744 2940 786 2973 In
803 2939 948 2973 alteram
966 2943 1102 2983 partem
1119 2939 1258 2984 lougius
1274 2939 1450 2984 processit
1467 2939 1649 2975 Hartelius
1665 2941 1761 2985 (ann.
1778 2950 1895 2984 gymn.
1908 2939 2026 2974 Austr.
2041 2939 2125 2974 1869
2141 2950 2172 2983 p.
2187 2939 2265 2984 357)

273 3000 332 3042 qui
355 3001 446 3033 hanc
469 3001 677 3034 sententiam
712 3000 778 3033 Sed
800 3013 878 3044 quos
904 3007 1156 3044 prostraverant,
1182 3002 1429 3044 detriumphatos
1454 3003 1554 3034 colere
1579 3007 1747 3045 coeperunt
1767 3011 1788 3034 a
1813 3000 2050 3043 superioribus
2073 3000 2265 3034 seiunctam

274 3069 350 3095 cum
373 3059 637 3103 insequentibus
659 3060 785 3095 maluit
807 3061 956 3103 quadam
983 3061 1120 3096 ratione
1146 3061 1323 3105 coniungi.
