2552 3470
1265 170 1292 209 5

289 283 448 320 veritati
463 281 644 333 relinqui,
667 280 832 331 denique
852 280 984 318 omnia
1004 279 1169 319 tenebris
1189 279 1427 331 circumfusa
1447 292 1525 318 esee
1545 279 1741 328 dixerunt,
1768 285 1921 318 tantum
1946 278 2006 318 vel
2026 279 2068 317 in
2088 278 2265 318 oratione

291 351 448 392 diversa
468 351 637 405 probare
661 354 804 403 potest,
831 363 882 389 ne
908 363 931 389 a
950 348 1117 390 Minucii
1144 348 1304 403 quidem
1329 349 1528 390 sententia
1553 363 1640 390 esse
1666 363 1736 389 cur
1761 349 1908 403 duplex
1936 351 2068 391 omnia
2092 349 2264 390 alienum

289 423 493 464 habeatur.
543 421 813 472 Quamobrem
833 421 909 461 hoc
928 437 1001 462 nos
1027 422 1166 462 damus
1186 422 1376 473 Minucio,
1407 429 1449 462 ut
1469 423 1697 474 bipertitam
1718 435 1806 462 cum
1828 424 2026 462 sententia
2045 423 2264 462 orationem

289 495 489 549 geminato
520 494 651 535 omnia
680 492 871 545 efficeret3
903 493 970 547 qui
1000 507 1091 534 cum
1120 493 1176 534 ita
1203 493 1323 534 verba
1348 493 1593 534 ordinaverit
1616 495 1818 546 mqisque
1843 497 1987 544 omnia,
2015 510 2104 535 cum
2130 502 2266 546 posset

289 575 325 608 et
353 569 484 608 omnia
511 567 638 620 maqis
666 567 751 606 veri
771 566 932 617 similia,
964 566 1147 607 varietati
1177 566 1342 619 positus,
1374 581 1492 620 quam
1522 566 1703 619 impensa
1732 580 1852 620 opera
1881 568 1993 621 sequi
2023 568 2134 618 solet,
2167 566 2264 607 scite

289 640 499 680 consuluit.

485 712 665 754 Alterius
692 712 936 764 quaestionis
955 717 1243 763 argumentum,
1265 726 1384 764 quam
1405 726 1492 751 esse
1513 726 1563 751 ex
1583 712 1799 751 levioribus
1821 712 2007 763 diximus,
2030 728 2079 752 ex
2100 727 2133 752 c.
2154 715 2216 763 11,
2239 713 2264 751 8

289 785 471 840 petimus,
496 783 561 824 ubi
585 781 785 825 Caecilius
807 783 1113 825 christianorum
1133 798 1244 838 spem
1268 784 1534 825 reviviscendi
1555 791 1645 836 post
1669 791 1836 825 mortem
1857 785 2027 825 irridens
2048 785 2146 825 haec
2168 785 2265 824 dicit

617 863 653 896 et
670 863 798 896 tamen
818 863 928 896 tanta
947 863 1054 896 aetas
1073 855 1185 906 abiit,
1211 856 1367 896 saecula
1384 858 1592 896 innumera
1608 857 1834 908 fluxerunt:
1864 858 1953 910 quie
1971 871 2072 896 unua
2091 857 2195 897 ullus
2214 855 2263 896 ab

615 928 757 979 inferis
786 929 847 968 vel
875 929 1088 967 Proteailai
1114 936 1215 967 sorte
1242 930 1425 968 remeavit
1449 928 1637 968 horarum
1656 929 1791 967 saltem
1814 931 2007 981 permisero
2038 937 2263 980 commeatu,

576 1042 578 1047 f
616 1001 678 1039 vel
694 1008 738 1040 ut
756 1000 929 1053 exemplo
951 1000 1215 1040 crederemus?

286 1073 332 1112 In
365 1072 509 1124 quibus
539 1072 727 1111 horarum
764 1086 842 1111 non
879 1071 1108 1112 satisfacere
1144 1072 1363 1111 sententiae
1393 1072 1543 1124 opinati
1579 1072 1673 1111 olim
1705 1079 1773 1111 aut
1802 1074 1922 1111 trium
1950 1080 2018 1111 aut
2041 1086 2264 1125 paucarum

288 1143 511 1183 addendum
535 1149 741 1196 putarunt3
769 1144 913 1197 quibus
935 1143 1164 1185 adsentiens
1185 1143 1372 1184 Halmius
1389 1144 1565 1184 defectus
1587 1144 1749 1196 quidem
1769 1144 1961 1183 indicium
1982 1159 2027 1183 eo
2051 1145 2138 1183 loco
2157 1144 2262 1195 fecit,

286 1216 327 1254 in
363 1215 608 1268 praefatione
644 1221 775 1255 autem
809 1216 949 1255 scribit
978 1213 1032 1268 (p.
1053 1212 1113 1266 xl)
1142 1214 1345 1255 ‘horarum
1374 1230 1442 1268 per
1471 1229 1513 1255 se
1543 1217 1674 1268 ipsum
1706 1215 1747 1254 id
1777 1216 2004 1266 significare
2034 1229 2113 1254 non
2148 1229 2264 1267 posse

287 1287 392 1340 quod
423 1287 621 1327 sententia
649 1287 825 1340 requirat
852 1287 1039 1328 horarum
1066 1288 1220 1341 aliquot
1247 1284 1483 1328 commeatu?
1532 1286 1711 1326 Fuerunt
1736 1287 1897 1339 quidem
1918 1294 2056 1338 postea
2075 1288 2143 1339 qui
2163 1287 2264 1326 nihil

243 1380 245 1382 >
286 1364 491 1399 moverent
526 1364 597 1402 aut
627 1358 729 1399 nihil
764 1358 991 1399 addendum
1027 1373 1115 1400 esse
1149 1359 1412 1411 affirmarent3
1449 1358 1520 1400 sed
1555 1373 1643 1399 cum
1678 1358 1919 1399 novissimus
1949 1358 2093 1409 editor,
2125 1358 2264 1399 eadem

287 1445 376 1471 cum
404 1431 566 1470 Halmio
596 1432 851 1483 persuasione
882 1431 1040 1481 ductus,
1071 1446 1151 1471 non
1181 1431 1324 1471 leniter
1352 1431 1450 1471 haec
1478 1431 1528 1471 ad
1558 1445 1670 1471 suum
1709 1432 1944 1472 arbitratum
1974 1431 2261 1483 reformaverit,

285 1504 472 1543 horarum
500 1504 633 1542 saltem
656 1505 852 1556 permisso
873 1512 1084 1544 commeatu
1109 1506 1238 1552 trium,
1269 1512 1313 1544 ut
1340 1505 1512 1558 exemplo
1534 1505 1783 1553 crederemus,
1814 1503 1984 1543 fortasse
2014 1518 2093 1544 non
2122 1504 2263 1543 inutile

286 1582 357 1626 est,
389 1574 437 1615 de
456 1590 498 1614 re
520 1576 641 1615 verbo
663 1575 888 1615 admonere.
938 1574 1058 1616 Certo
1088 1576 1206 1625 enim,
1237 1577 1314 1616 nisi
1335 1576 1439 1615 fallit
1459 1577 1605 1629 opinio,
1636 1577 1795 1629 probari
1816 1582 1959 1628 potest,
1992 1589 2146 1616 errasse
2174 1589 2261 1615 cum

286 1647 555 1699 superioribus
589 1647 811 1698 Halmium,
850 1647 955 1700 quod
991 1649 1179 1688 horarum
1214 1656 1465 1688 commeatum
1500 1649 1671 1700 negabat
1707 1663 1753 1687 ea
1782 1648 1822 1687 vi
1851 1648 1945 1701 poni
1981 1662 2098 1701 posse
2135 1655 2177 1687 ut
2205 1649 2262 1687 in-

285 1720 528 1772 telligeretur
560 1720 748 1760 horarum
774 1734 1000 1773 paucarum
1032 1729 1273 1760 commeatus.
1335 1719 1403 1760 Sic
1432 1721 1538 1760 enim
1569 1719 1782 1760 Suetonius
1819 1721 1975 1760 locutus
2005 1727 2066 1760 est
2094 1721 2163 1760 vit.
2185 1720 2262 1760 Ne-

284 1792 392 1831 ronis
414 1792 463 1832 37
490 1794 594 1832 mori
616 1794 733 1832 iussis
751 1806 831 1832 non
850 1792 1022 1847 amplius
1047 1806 1166 1846 quam
1185 1793 1373 1833 horarum
1391 1793 1564 1847 epatium
1583 1791 1715 1842 dabat,
1738 1791 1806 1832 ubi
1828 1792 1869 1831 in
1888 1791 2002 1832 libris
2023 1791 2262 1845 quibusdam

285 1864 558 1916 deterioribus,
590 1880 690 1917 quos
719 1865 889 1904 Rothius
920 1865 1044 1915 affert,
1077 1872 1146 1905 aut
1174 1867 1344 1904 duarum
1372 1872 1441 1904 aut
1460 1880 1521 1905 111
1551 1872 1642 1903 ante
1667 1865 1855 1903 horarum
1883 1865 2076 1903 insertum
2105 1863 2261 1914 legitur,

285 1948 450 1987 quorum
480 1935 554 1974 hoc
584 1935 627 1975 F.
649 1936 701 1975 A.
721 1934 888 1975 Wolfius
918 1936 1112 1988 probavit,
1144 1942 1353 1989 utrumque
1384 1950 1454 1976 suo
1484 1936 1569 1975 iure
1600 1935 1750 1988 sprevit
1776 1934 1958 1985 Rothius,
1991 1941 2030 1974 et
2060 1935 2139 1974 iam
2168 1934 2263 1974 olim

282 2006 491 2047 Ernestius
521 2008 708 2047 horarum
737 2010 908 2060 spatium
942 2021 1029 2048 esse
1063 2009 1251 2048 horarum
1279 2008 1432 2060 aliquot
1464 2014 1570 2047 recte
1606 2007 1826 2046 adnotarat.
1884 2006 2116 2059 Eodemque
2146 2006 2261 2045 modo

282 2077 494 2119 Suetonius
515 2079 659 2119 iterum
680 2080 841 2133 scripsit
870 2080 939 2120 vit.
960 2079 1177 2120 Domitian.
1201 2080 1225 2119 3
1253 2081 1356 2119 inter
1383 2081 1501 2119 initia
1523 2081 1778 2133 principatus
1809 2081 1949 2119 cotidie
1977 2087 2161 2119 secretum
2186 2079 2264 2118 eibi

281 2150 468 2190 horarum
494 2165 643 2192 sumere
672 2151 818 2193 solebat
849 2166 919 2192 nec
948 2153 1157 2206 quicquam
1187 2152 1359 2206 amplius
1388 2166 1507 2205 quam
1535 2166 1689 2192 muscas
1718 2159 1896 2206 captare;
1932 2158 1971 2191 et
2004 2150 2069 2190 hic
2099 2150 2259 2204 quidem

282 2236 449 2274 magnus
470 2221 733 2264 Casaubonus
758 2226 945 2265 horarum
964 2240 1025 2265 ιιι
1046 2225 1167 2264 scribi
1188 2225 1313 2275 iussit,
1336 2222 1507 2264 Wolfius
1528 2231 1660 2264 autem
1680 2231 1866 2264 secretum
1884 2224 2087 2264 horarium
2107 2223 2256 2273 maluit,

281 2308 382 2346 quae
413 2310 490 2334 vox
519 2296 632 2336 nihili
665 2305 741 2347 est,
774 2303 937 2350 uterque
966 2303 1121 2350 praeter
1150 2311 1300 2335 morem
1329 2296 1369 2334 in
1399 2309 1441 2334 re
1471 2296 1642 2349 simplici
1674 2303 1713 2334 et
1748 2301 1885 2349 aperta
1919 2295 2033 2348 lapsi,
2093 2294 2259 2335 Minucii

280 2381 397 2406 nemo
432 2382 583 2408 memor
616 2369 692 2408 fuit
724 2370 766 2408 in
801 2368 992 2409 Suetonio
1028 2376 1071 2409 ut
1105 2370 1145 2408 in
1180 2369 1355 2408 Minucio
1391 2382 1505 2406 nemo
1536 2366 1742 2406 Suetonii:
1780 2374 1964 2418 putamus
2000 2374 2131 2405 autem
2161 2366 2260 2405 haec

281 2437 357 2477 tria
386 2439 568 2492 exempla
597 2440 779 2481 codicum
813 2441 1048 2481 auctoritate
1081 2441 1239 2481 firmata
1272 2439 1368 2480 satis
1404 2439 1480 2479 sibi
1509 2439 1681 2478 invicem
1710 2438 1898 2490 praesidii
1929 2439 2130 2490 praebere.
2180 2436 2259 2478 Sed

282 2509 427 2549 Wolfio
458 2515 501 2549 ut
535 2511 714 2562 satisfiat,
754 2512 821 2565 qui
853 2512 1062 2553 dubitabat
1095 2526 1174 2552 non
1210 2512 1336 2563 magis
1372 2525 1490 2564 quam
1518 2511 1705 2551 horarum
1737 2512 1911 2564 spatium
1941 2511 1991 2551 ab
2027 2510 2108 2551 ullo
2139 2511 2260 2564 scrip-

281 2587 365 2620 tore
394 2582 559 2632 dierum,
595 2598 790 2624 annorum
818 2586 1003 2637 epatium,
1034 2586 1208 2637 positum
1238 2598 1337 2634 esse,
1368 2584 1442 2623 hoc
1471 2597 1746 2633 memoramus,
1777 2583 1988 2633 Iustinum,
2020 2597 2261 2635 quamquam

281 2665 578 2704 nonnumquam
605 2655 815 2695 interiectis
839 2657 984 2708 paucis
1016 2655 1151 2696 diebus
1180 2655 1337 2706 scribit,
1370 2664 1412 2694 ut
1444 2654 1584 2694 Livius
1616 2654 1722 2707 loqui
1759 2655 1872 2706 solet,
1907 2669 2026 2708 saepe
2059 2662 2192 2694 tamen
2223 2662 2262 2694 et

282 2723 439 2777 saepius
473 2723 641 2766 fortasse
670 2728 881 2768 interiectis
911 2728 1044 2769 diebus
1075 2727 1237 2780 dixisse,
1269 2727 1388 2779 velut,
1419 2741 1469 2767 ne
1499 2726 1774 2767 desiderentur
1805 2727 1896 2778 loci,
1924 2728 1960 2777 3,
1993 2729 2027 2777 7,
2056 2728 2098 2778 ὃς
2129 2728 2166 2778 5,
2197 2729 2258 2778 10,

282 2797 324 2846 83
363 2796 430 2847 18,
471 2799 504 2847 1,
544 2799 611 2848 11;
654 2800 716 2851 18,
754 2801 790 2852 7,
826 2801 863 2852 9,
901 2801 1036 2841 multis
1071 2800 1177 2852 aliis,
1215 2800 1321 2840 idem
1356 2802 1549 2840 interiecto
1585 2807 1755 2853 tempore
1789 2798 1872 2851 (18,
1901 2800 1937 2850 3,
1968 2800 2036 2847 18)
2072 2806 2111 2839 et
2144 2800 2264 2852 leyati

286 2868 490 2908 Gallorum
520 2873 592 2922 qui
618 2879 707 2911 ante
734 2886 881 2913 memes
911 2874 1078 2913 Romam
1106 2874 1359 2913 incenderant
1386 2871 1469 2924 (20,
1500 2873 1537 2924 ὃ,
1567 2870 1622 2924 4).
1672 2872 1794 2926 Apud
1824 2872 2044 2918 Minucium
2074 2877 2206 2912 autem
2227 2872 2261 2912 si

281 2941 541 2993 relinquenda
568 2951 662 2981 sunt
686 2946 811 2984 verba
841 2946 987 2984 tradita
1012 2947 1199 2986 horarum
1223 2947 1359 2985 «saltem
1377 2947 1570 2997 permisso
1596 2953 1827 2994 commeatu,
1854 2959 1901 2983 eo
1927 2945 2055 2995 magis
2080 2950 2259 2995 apertum

282 3017 342 3053 est
376 3012 417 3052 in
451 3012 633 3065 proxima
667 3016 866 3056 sententia
899 3017 960 3056 vel
991 3026 1035 3057 ut
1071 3015 1207 3069 (uelud
1240 3014 1345 3067 cod.)
1383 3017 1555 3069 exemplo
1591 3017 1830 3056 crederemus
1864 3015 2078 3068 particulas
2112 3016 2172 3054 vel
2204 3024 2258 3065 ut,

282 3085 425 3138 quibus
445 3083 714 3126 Baehrensius
736 3087 914 3128 abutitur
932 3095 976 3129 ut
999 3090 1171 3143 refingat
1189 3103 1396 3130 numerum
1421 3089 1528 3130 horte
1553 3088 1792 3139 addendum,
1821 3088 1888 3128 alii
1910 3087 2026 3141 aliter
2045 3093 2258 3139 mutarunt,
