2552 3470
709 1017 1289 1078 VNIVERSITATIS
1338 1016 1869 1077 LITTERARIAE

900 1193 1271 1239 FRIDERICAE
1312 1193 1671 1239 GVILELMAE

564 1360 1093 1441 RECTOR
1155 1361 1316 1440 ΕΤ
1381 1359 2005 1440 SENATVS.

297 1589 589 1681 Rriucundus
618 1638 778 1677 libellus
809 1644 869 1677 est
897 1637 952 1677 M.
979 1637 1147 1677 Minucii
1175 1637 1323 1676 Felicis
1354 1637 1417 1676 cui
1447 1636 1605 1677 Octavii
1637 1650 1779 1676 nomen
1809 1637 2015 1690 inscripsit
2044 1638 2128 1677 eius
2159 1651 2279 1691 quem

298 1725 388 1750 cum
417 1708 594 1750 Caecilio
623 1710 717 1750 fidei
747 1710 989 1750 christianae
1019 1724 1132 1749 osore
1163 1709 1211 1749 de
1242 1710 1326 1749 veri
1363 1709 1426 1748 dei
1464 1710 1570 1748 cultu
1608 1724 1649 1748 se
1684 1716 1893 1761 praesente
1923 1717 1963 1748 et
1996 1711 2146 1750 arbitro
2183 1711 2279 1750 facit

298 1782 614 1821 contendentem.
665 1780 755 1831 Quo
785 1795 966 1821 sermone
996 1795 1074 1820 non
1106 1794 1201 1820 sane
1231 1780 1350 1820 nimis
1380 1780 1594 1820 subtilibus
1624 1780 1846 1820 rationibus
1876 1786 1945 1820 aut
1973 1781 2134 1821 invictis
2164 1795 2277 1833 argu-

297 1854 441 1893 mentis
472 1853 731 1894 christianam
766 1854 998 1904 religionem
1034 1853 1314 1905 superstitione
1349 1852 1533 1891 Romana
1567 1853 1811 1904 superiorem
1848 1866 1936 1892 esse
1971 1853 2276 1904 demonstratur,

298 1939 539 1977 quamquam
569 1940 619 1965 ne
648 1925 746 1965 illud
777 1925 938 1977 quidem
973 1925 1173 1976 ingratum
1211 1932 1271 1964 est
1300 1925 1477 1976 aspicere
1507 1938 1584 1976 quo
1615 1925 1788 1963 maxime
1825 1939 1971 1976 genere
2006 1926 2201 1978 probandi
2240 1935 2280 1964 et

298 1997 560 2050 redarguendi
595 1998 665 2037 illa
699 2003 827 2037 aetate
862 1998 1058 2050 quibusve
1091 1996 1314 2037 maledictis
1349 2004 1418 2035 aut
1452 1996 1645 2036 conviciis
1680 1997 1786 2037 inter
1820 2011 1863 2037 se
1898 1997 2102 2049 utriusque
2144 2005 2277 2037 sectae

299 2069 462 2108 comites
493 2069 703 2120 digladiari
733 2069 841 2109 soliti
870 2069 967 2119 sint3
999 2068 1070 2109 sed
1099 2082 1200 2121 quae
1226 2067 1494 2122 disputantur,
1524 2082 1572 2108 ea
1597 2068 1731 2108 omnia
1756 2069 1957 2122 exquisita
1979 2069 2173 2109 sermonis
2200 2068 2277 2108 ele·

298 2140 445 2191 gantia,
476 2155 775 2193 nonnumquam
801 2141 1054 2180 artificiosius
1084 2141 1298 2193 perpolita,
1331 2140 1535 2190 dicuntur,
1567 2147 1611 2179 ut
1639 2141 1734 2179 licet
1762 2141 1912 2193 passim
1943 2147 2118 2180 veterum
2148 2141 2278 2181 imita-

299 2211 458 2262 tionem,
481 2211 708 2254 Tullianam
728 2213 935 2265 imprimis,
959 2226 1165 2264 agnoscas,
1189 2220 1322 2252 tamen
1343 2213 1441 2252 haec
1462 2213 1642 2252 nativum
1663 2213 1862 2264 quendam
1887 2214 2061 2265 leporem
2087 2214 2279 2253 orationis

300 2295 393 2335 prae
424 2296 466 2322 se
497 2283 599 2323 ferre
631 2284 851 2335 videantur,
880 2297 957 2337 quo
983 2284 1050 2337 qui
1079 2283 1216 2336 legant
1240 2298 1319 2324 non
1347 2283 1503 2337 possint
1529 2297 1608 2324 non
1636 2283 1750 2324 valde
1784 2283 1982 2324 delectari.
2034 2282 2124 2334 Quo
2152 2285 2280 2338 magis

301 2354 514 2393 dolendum
544 2363 604 2395 est
633 2356 736 2395 hunc
766 2356 946 2396 libellum
977 2357 1093 2395 unius
1119 2356 1269 2395 codicis
1295 2356 1374 2395 fide
1401 2357 1474 2395 niti
1501 2370 1579 2395 non
1606 2357 1752 2408 optime
1780 2356 1917 2408 scripti
1945 2356 2015 2395 sed
2042 2356 2123 2395 iam
2149 2357 2282 2396 multi-

299 2426 439 2466 fariam
465 2426 719 2468 librariorum
748 2429 902 2469 incuria
927 2428 1150 2481 depravati:
1184 2442 1352 2481 quorum
1378 2443 1553 2468 errorum
1587 2429 1729 2467 bonam
1756 2434 1908 2480 partem
1933 2428 2137 2468 indefessa
2161 2429 2282 2483 pluri-

300 2512 454 2537 morum
480 2499 707 2540 criticorum
734 2500 866 2541 studia
891 2515 961 2552 per
985 2501 1063 2540 tria
1088 2501 1247 2541 saecula
1272 2501 1314 2540 in
1342 2499 1446 2540 hunc
1466 2500 1645 2540 libellum
1666 2499 1810 2539 collata
1828 2499 1998 2540 feliciter
2018 2502 2282 2553 sustulerunt3

302 2569 371 2609 sed
397 2576 549 2609 restant
573 2585 652 2610 non
673 2572 731 2612 ita
749 2587 876 2625 pauca
895 2586 995 2624 quae
1016 2578 1084 2611 aut
1104 2572 1279 2612 nondum
1300 2586 1371 2612 suo
1393 2571 1629 2611 emendandi
1649 2585 1793 2623 genere
1820 2578 1961 2611 sanata
1980 2580 2075 2612 sunt
2094 2580 2163 2613 aut
2181 2573 2283 2613 falso

302 2645 503 2694 temptata,
526 2656 616 2683 cum
635 2642 791 2696 integra
811 2644 902 2696 sint,
920 2644 1147 2698 interpretis
1167 2658 1310 2684 munus
1330 2644 1536 2697 requirunt
1555 2657 1633 2696 quo
1650 2643 1701 2684 ab
1722 2643 1868 2683 iniuria
1884 2644 2125 2696 criticorum,
2144 2646 2178 2686 si
2194 2646 2282 2685 fieri

302 2713 438 2766 possit,
466 2713 731 2755 vindicentur.
780 2715 844 2756 Ex
869 2723 1036 2770 utroque
1061 2729 1206 2769 genere
1231 2715 1306 2756 hac
1331 2715 1560 2755 reveniente
1587 2714 1789 2756 scribendi
1814 2716 2056 2758 necessitate
2088 2717 2283 2758 nonnulla

301 2798 481 2836 promere
501 2787 717 2838 paucisque
738 2788 961 2840 disceptare
981 2788 1175 2837 volumus,
1196 2788 1253 2826 ita
1271 2788 1359 2836 rati,
1387 2801 1506 2838 posse
1532 2789 1653 2825 etiam
1679 2788 1721 2825 in
1747 2787 1864 2826 huius
1891 2790 2049 2840 generis
2075 2796 2116 2828 et
2142 2791 2285 2829 aetatis

302 2855 404 2896 libro
425 2855 618 2908 exemplis
645 2857 777 2898 doceri
803 2859 898 2911 quid
925 2860 1116 2899 severitas
1142 2857 1444 2910 argumentandi
1465 2864 1605 2911 poscat
1624 2865 1692 2898 aut
1711 2859 1904 2911 repudiet,
1932 2867 1972 2900 et
1997 2875 2087 2900 cum
2115 2862 2285 2901 subinde

303 2926 459 2967 accidat
484 2933 527 2966 ut
550 2927 601 2967 ad
632 2927 749 2970 huius
775 2930 981 2984 scriptoris
1008 2930 1333 2972 consuetudinem
1360 2929 1641 2971 declarandam
1672 2930 1912 2971 tuendamve
1936 2931 2057 2973 latius
2084 2947 2284 2986 vagemur,

304 3000 508 3051 continget
535 2999 704 3040 fortasse
734 3002 853 3041 etiam
884 3003 988 3043 ultra
1016 3003 1134 3043 huius
1164 3003 1289 3043 libelli
1321 3002 1520 3043 cancellos
1549 3002 1655 3057 quod
1686 3003 1781 3043 utile
1811 3004 1864 3044 sit
1892 3004 2045 3045 afferre.

1974 3075 2019 3112 1.
