2552 3470
1256 154 1306 194 13

486 266 533 306 In
564 265 614 304 iis
642 278 742 317 quae
763 264 1005 316 praecedunt
1033 278 1149 315 aegre
1175 265 1338 304 ferimus
1369 265 1475 317 quod
1496 264 1675 304 Usenero
1706 265 2000 317 obloquendum
2033 274 2103 315 est,
2133 266 2200 317 qui
2231 266 2271 304 in

289 337 352 379 his
383 339 528 391 quibus
550 334 788 377 Sabinarum
818 342 955 389 raptus
986 335 1225 376 describitur
1249 333 1310 387 (7)
1335 350 1426 376 moa·
1454 337 1603 376 alienas
1622 339 1793 390 viryines
1812 339 1896 377 iam
1915 339 2170 390 desponsatas
2190 340 2269 377 iane

289 412 502 450 destinatas
522 417 559 449 et
574 410 786 448 nonnullas
806 410 853 448 de
871 410 1121 448 matrimonio
1141 409 1389 447 mulierculas
1410 411 1492 447 sine
1511 422 1618 448 more
1636 411 1774 461 rapuit
1799 410 1961 448 violavit
1989 410 2126 448 inlusit
2151 410 2273 448 verba

287 485 368 523 iam
397 484 652 535 desponsatas
682 480 888 522 damnavit
916 487 959 521 ut
987 481 1138 532 spuria3
1170 481 1211 520 id
1232 481 1337 533 quod
1363 482 1431 521 ille
1461 496 1540 521 non
1560 481 1724 521 Halmio
1755 482 1915 534 quidem
1947 489 1989 521 ut
2020 481 2175 521 videtur
2204 490 2270 520 aut

288 555 524 605 Dombarto,
556 553 626 593 sed
646 553 699 594 H.
718 551 905 606 Sauppio‚
937 552 1007 593 sed
1029 550 1311 593 Cornelisseno
1331 552 1670 606 Baehrensioque,
1693 554 1905 606 postremis
1927 553 2160 604 editoribus,
2184 567 2270 605 pro-

288 627 410 666 bavit.
454 626 537 665 Nos
558 626 614 665 ita
634 625 840 676 sentimus,
872 638 972 678 quae
992 625 1034 664 in
1059 624 1252 664 translato
1274 624 1433 664 dicendi
1462 638 1607 678 genere
1629 623 1771 665 Cicero
1793 625 1841 665 de
1871 625 2030 679 harusp.
2058 640 2161 678 resp.
2185 626 2222 674 3,
2246 626 2270 665 6

288 699 330 737 in
350 698 455 737 hunc
475 697 637 736 modum
658 697 860 750 copulavit
877 697 1027 735 accedit
1044 698 1160 736 etiam
1189 697 1296 749 quod
1322 698 1604 750 exspectatione
1634 698 1806 736 omnium
1823 697 2047 748 fortissimo
2078 706 2112 737 et
2132 698 2270 736 claris-

287 772 384 808 simo
413 771 511 818 viro,
548 768 593 807 Τ.
615 768 763 817 Annio,
795 769 931 806 devota
961 775 996 806 et
1024 769 1231 806 constituta
1259 769 1336 806 ista
1355 768 1482 807 hostia
1502 782 1580 807 esse
1599 770 1765 818 videtur,
1798 771 1864 807 cui
1880 783 1938 807 me
1954 771 2184 822 praeripere
2204 770 2269 807 de-

287 854 472 894 sponsam
499 842 583 878 iam
611 848 646 879 et
674 841 907 879 destinatam
936 839 1106 886 laudem,
1146 853 1232 878 cum
1262 841 1345 891 ipse
1373 841 1455 878 eius
1485 853 1606 892 opera
1636 848 1672 878 et
1700 841 1929 892 diqnitatem
1958 848 1994 879 et
2021 841 2183 879 salutem
2212 854 2270 878 re·

288 913 520 966 cuperarim,
551 912 665 951 valde
693 919 748 951 est
774 913 965 964 iniquum,
998 904 1044 950 ea
1069 910 1170 950 nihil
1189 910 1383 963 impedire
1403 912 1614 964 quominus
1636 926 1706 951 suo
1728 913 1888 965 proprio
1910 927 2029 952 sensu
2050 928 2072 951 a
2093 913 2270 952 Minucio

288 984 509 1036 composita
538 989 771 1034 statuamus,
803 984 860 1022 ita
879 982 1040 1036 quidem
1071 988 1113 1022 ut
1132 982 1335 1036 anaphora
1355 983 1534 1023 adhibita
1554 984 1636 1024 vim
1666 984 1906 1024 rhetoricam
1935 999 2013 1024 non
2035 984 2175 1024 leviter
2205 998 2269 1024 ex-

287 1057 460 1106 tolleret,
496 1058 577 1094 iam
611 1057 865 1107 desponsatas
898 1057 980 1093 iam
1014 1056 1238 1094 destinatas.
1290 1056 1393 1094 Nam
1427 1056 1532 1107 quod
1566 1058 1799 1108 desponsam
1829 1055 1982 1105 Cicero,
2016 1059 2270 1109 desponsatas

288 1127 487 1168 Minucius
525 1126 681 1178 scribit,
719 1133 941 1180 temporum
977 1125 1190 1167 discrimen
1223 1128 1472 1179 agnoscitur3
1511 1142 1611 1180 quae
1633 1129 1739 1169 enim
1761 1129 2046 1169 vetustioribus
2077 1130 2268 1181 desponsa

288 1205 382 1250 erat,
415 1198 581 1238 eandem
608 1199 847 1251 posteriores
878 1199 1152 1250 desponsatam
1178 1199 1451 1251 appellabant3
1483 1200 1617 1251 itaque
1647 1200 1696 1239 ad
1719 1201 1964 1252 superiorum
1988 1215 2102 1239 usum
2125 1200 2268 1239 Festus

286 1269 397 1321 (146,
416 1271 470 1310 24
486 1267 578 1320 Th.)
599 1271 656 1309 ait
676 1285 762 1308 cum
782 1271 975 1322 desponsa
995 1277 1062 1320 est,
1085 1270 1134 1309 ad
1154 1271 1416 1323 posteriorum
1438 1271 1586 1311 Paulus
1607 1269 1661 1324 (p.
1683 1271 1778 1321 147)
1799 1287 1884 1311 cum
1902 1273 2036 1325 puella
2058 1274 2269 1325 desponsa-

285 1351 403 1382 retur.
450 1340 530 1381 Sed
561 1342 608 1381 de
639 1342 841 1394 anaphora
869 1349 951 1381 tam
981 1342 1021 1380 in
1053 1341 1264 1392 similibus,
1296 1349 1378 1381 tam
1407 1343 1570 1395 paribus
1601 1343 1635 1382 si
1666 1344 1755 1396 quis
1787 1343 1957 1394 dubitet,
1992 1350 2034 1383 ut
2062 1344 2268 1383 mittamus

288 1415 383 1453 talia
412 1414 476 1453 vel
506 1412 741 1453 Ciceronem
771 1428 849 1452 non
886 1413 1082 1464 refugere,
1115 1414 1222 1452 velut
1251 1414 1377 1453 Acad.
1406 1415 1524 1465 prior.
1552 1416 1589 1464 2,
1613 1416 1677 1463 24,
1702 1417 1752 1453 75
1782 1417 1965 1454 videorne
1994 1417 2082 1462 tibi,
2121 1430 2199 1453 non
2228 1424 2271 1453 ut

288 1485 529 1526 Saturninus
548 1486 751 1524 nominare
769 1485 884 1524 modo
913 1485 1095 1524 inlustres
1115 1484 1301 1534 homines,
1332 1486 1400 1524 sed
1427 1487 1544 1524 etiam
1572 1487 1726 1525 imitari
1752 1501 1966 1539 numquam
1994 1489 2076 1525 nisi
2102 1488 2267 1535 clarum,

285 1559 366 1598 nisi
383 1557 560 1609 nobilem,
582 1557 699 1597 istam
723 1558 753 1597 si
776 1571 855 1611 qua
875 1563 936 1597 est
955 1557 1213 1597 offensionem
1235 1557 1348 1597 tollet
1368 1557 1487 1605 idem,
1519 1571 1596 1611 quo
1618 1572 1738 1611 supra
1767 1559 1827 1599 usi
1854 1573 2001 1609 sumus,
2026 1557 2265 1612 Cyprianus,

286 1632 352 1683 qui
380 1631 428 1669 de
450 1630 691 1669 mortalitate
714 1643 745 1668 c.
769 1630 820 1668 25
848 1627 943 1679 (vol.
964 1631 997 1678 1,
1020 1643 1056 1682 p.
1076 1627 1175 1680 313)
1200 1629 1257 1668 ita
1277 1630 1416 1669 scribit
1436 1631 1472 1669 si
1494 1631 1536 1669 in
1557 1630 1778 1671 habitaculo
1806 1639 1870 1670 tuo
1891 1633 2058 1684 parietes
2084 1639 2268 1671 vetustate

285 1711 484 1753 nutarent,
520 1710 616 1742 tecta
653 1704 819 1755 desuper
852 1710 1072 1750 tremerent,
1109 1702 1247 1741 domus
1280 1704 1361 1741 iam
1384 1703 1565 1755 fatiyata
1599 1704 1679 1742 iam
1716 1703 1821 1742 lassa
1857 1704 2046 1754 aedificiis
2081 1711 2269 1743 senectute

286 1776 501 1815 labentibus
529 1777 687 1815 ruinam
712 1777 937 1827 proximam
956 1776 1183 1814 minaretur.
1228 1774 1341 1814 Haec
1362 1776 1450 1814 ille:
1482 1781 1521 1814 et
1540 1789 1612 1814 nos
1634 1789 1711 1813 non
1733 1775 1903 1815 feremus
1924 1777 1965 1814 in
1987 1776 2163 1815 Minucio
2188 1778 2267 1814 iam

285 1849 539 1901 desponsatas
572 1849 654 1887 iam
689 1847 921 1895 destinatas,
957 1846 1014 1886 ibi
1050 1846 1118 1885 ubi
1154 1846 1229 1885 hoc
1265 1847 1473 1898 agebatur,
1513 1854 1555 1886 ut
1584 1847 1656 1886 has
1688 1848 1881 1898 virgines,
1914 1862 2013 1899 quas
2044 1849 2129 1886 sine
2159 1862 2265 1886 more

284 1920 416 1973 rapuit
444 1919 652 1970 Romulus,
684 1918 763 1958 iam
792 1932 873 1957 non
904 1931 996 1957 suas
1025 1917 1149 1957 fuisse
1179 1931 1269 1958 cum
1299 1918 1474 1971 pondere
1504 1918 1799 1959 affirmaretur?

482 1992 581 2031 Post
610 2005 657 2030 ea
685 2005 786 2043 quae
816 2004 935 2042 supra
964 1991 1165 2044 exscripta
1193 1997 1288 2029 sunt
1306 1989 1508 2030 Minucius
1540 1991 1679 2030 eodem
1700 1991 1830 2043 capite
1851 1991 1980 2043 pergit
2001 1991 2098 2030 haec
2119 1991 2166 2029 de
2188 1991 2263 2030 Ro-

284 2077 490 2103 manorum
521 2063 713 2115 religione
743 2061 966 2113 irreligiosa
995 2061 1172 2113 exsequi.

615 2134 701 2172 Iam
722 2134 916 2187 finitimos
951 2147 1048 2184 ayro
1082 2133 1240 2184 pellere,
1280 2135 1452 2171 civitates
1486 2136 1691 2185 proximas
1726 2142 1890 2172 evertere
1924 2147 2009 2171 cum
2044 2135 2195 2186 templis
2230 2143 2264 2171 et

614 2205 820 2254 altaribus,
852 2212 986 2257 captos
1005 2218 1152 2256 coyere,
1184 2205 1338 2243 damnis
1358 2205 1498 2244 alienis
1528 2212 1563 2244 et
1589 2207 1671 2244 suis
1700 2205 1905 2244 sceleribus
1933 2205 2149 2244 adolescere
2178 2219 2264 2243 cum

615 2278 782 2316 Romulo
803 2276 957 2329 reqibus
977 2278 1111 2316 ceteris
1132 2284 1168 2315 et
1178 2278 1386 2329 postremis
1402 2277 1564 2315 ducibus
1580 2277 1792 2329 disciplina
1813 2278 2024 2315 communis
2044 2284 2110 2315 est.
2143 2281 2180 2315 5.
2200 2277 2263 2315 Ita

614 2349 811 2402 quidquid
833 2349 1007 2389 Romani
1034 2356 1172 2399 tenent,
1205 2348 1348 2399 colunt,
1378 2350 1591 2402 possident,
1624 2350 1813 2388 audaciae
1836 2349 1992 2402 praeda
2013 2356 2088 2387 est:
2119 2349 2263 2402 templa

537 2428 558 2460 5
615 2423 747 2461 omnia
768 2423 815 2461 de
833 2421 1043 2466 manubiis,
1060 2423 1105 2460 id
1123 2429 1178 2461 est
1198 2423 1245 2460 de
1263 2423 1393 2460 ruinis
1412 2421 1581 2470 urbium,
1599 2423 1646 2460 de
1664 2422 1801 2475 spoliis
1823 2422 1996 2471 deorum,
2013 2421 2060 2459 de
2081 2421 2263 2460 caedibus

613 2494 872 2532 sacerdotum:
903 2493 975 2532 hoc
993 2493 1183 2532 insultare
1203 2501 1238 2532 et
1255 2494 1433 2532 inludere
1462 2502 1529 2542 est,
1561 2496 1670 2532 victis
1698 2493 1952 2544 reliqionibus
1977 2495 2134 2541 servire,
2166 2508 2262 2546 cap-

612 2568 712 2605 tivas
742 2579 806 2604 eas
833 2573 924 2618 post
947 2567 1134 2605 victorias
1155 2566 1343 2613 adorare,·
1372 2580 1465 2605 nam
1492 2567 1659 2605 adorare
1688 2579 1787 2617 quae
1806 2579 1926 2603 manu
1947 2567 2107 2618 ceperis,
2139 2569 2263 2605 sacri-

612 2639 754 2689 leyium
774 2645 828 2676 est
847 2651 1083 2685 consecrare,
1111 2651 1190 2676 non
1209 2639 1384 2676 numina.
1422 2641 1457 2676 6.
1481 2636 1637 2676 Totiens
1656 2650 1745 2687 erqo
1769 2636 1961 2675 Romanis
1980 2638 2189 2689 impiatum
2211 2646 2266 2677 est

613 2711 788 2760 quotiens
822 2709 1122 2761 triumphatum,
1164 2717 1220 2748 tot
1254 2710 1301 2748 de
1334 2710 1412 2748 diis
1446 2708 1574 2761 spolia
1611 2715 1703 2759 quot
1736 2708 1783 2746 de
1815 2709 1995 2760 yentibus
2025 2716 2060 2747 et
2088 2716 2261 2761 tropaea.

514 2786 555 2818 10
611 2780 742 2833 Iyitur
764 2780 939 2819 Romani
954 2794 1034 2819 non
1058 2781 1146 2819 ideo
1172 2782 1275 2820 tanti
1302 2781 1409 2833 quod
1436 2779 1612 2831 reliqiosi
1637 2780 1706 2817 sed
1734 2780 1841 2831 quod
1868 2781 2030 2833 impune
2058 2780 2262 2832 sacrileyi:

614 2857 637 2889 7
642 2884 649 2891 .
670 2866 793 2905 neque
812 2855 914 2892 enim
927 2861 1139 2905 potuerunt
1156 2854 1201 2891 in
1218 2854 1319 2905 ipsis
1339 2852 1447 2890 bellis
1467 2853 1557 2890 deos
1577 2852 1775 2890 adiutores
1794 2852 1949 2902 habere,
1965 2854 2151 2892 adt-ersus
2167 2866 2263 2905 quos

611 2937 725 2962 arma
749 2933 977 2977 rapuerunt,
1010 2931 1045 2964 et
1070 2938 1166 2978 quos
1192 2924 1488 2977 postulaverant
1508 2923 1814 2977 detriumphatos
1840 2924 1964 2964 colere
1988 2932 2206 2978 coeperunt.

281 2992 329 3032 In
351 2993 413 3032 his
439 2993 564 3032 multa
594 3003 697 3045 sunt,
731 2996 779 3035 de
809 2997 953 3049 quibus
976 3011 1152 3036 seorsum
1183 2998 1234 3035 ab
1264 2996 1481 3034 editoribus
1513 2996 1725 3046 sentimus3
1757 2997 1867 3036 velut
1887 2997 1991 3049 quod
2014 2998 2053 3035 in
2077 2998 2149 3035 hac
2176 3011 2262 3036 sen·

280 3065 406 3105 tentia
425 3062 486 3114 (9)
515 3072 571 3105 tot
598 3067 645 3105 de
673 3067 751 3106 diis
779 3068 910 3120 spolia
940 3076 1035 3121 quot
1061 3068 1108 3107 de
1133 3067 1312 3120 yentibus
1340 3074 1376 3106 et
1404 3075 1568 3120 tropaea
1597 3081 1687 3107 cum
1716 3067 1881 3107 Halmio
1916 3069 2096 3122 plerique
2123 3083 2261 3109 omnes
