2552 3470
1214 79 1311 135 '18

287 205 337 244 de
366 219 445 258 quo
476 207 574 246 satis
605 211 713 245 certa
741 205 873 245 afferri
903 218 1022 258 posse
1052 205 1283 256 diffidimus,
1315 203 1386 244 sed
1418 203 1466 243 de
1496 204 1546 244 iis
1573 218 1675 257 quae
1699 205 1923 245 Dombarto
1949 211 2110 244 auctore
2135 204 2277 244 effecta

288 283 381 315 sunt
400 274 462 327 (4)
479 279 537 316 ita
556 286 600 316 ut
618 279 744 329 coepit
767 279 805 315 si
827 277 996 316 desierit.
1047 276 1092 317 Si
1119 277 1226 315 enim
1252 291 1275 315 a
1302 276 1434 315 verbis
1460 272 1522 325 (3)
1547 276 1698 315 caelum
1723 289 1876 328 quoque
1900 274 2103 315 Minucius
2123 272 2275 315 Stoico-

286 362 375 387 rum
406 349 633 400 opinionem
663 348 711 387 de
741 348 928 387 incendio
959 348 1098 387 mundi
1133 362 1318 387 enarrare
1352 347 1511 399 incipit,
1548 347 1759 387 haeremus
1795 348 1837 386 in
1874 360 2027 400 quoque
2063 347 2275 399 particula,

288 418 497 459 haeremus
526 420 569 459 in
599 419 734 460 verbis
762 421 820 459 ita
849 427 892 459 ut
920 421 1060 472 coepit,
1091 434 1192 473 quae
1222 420 1338 473 plane
1368 418 1545 472 pendent
1573 433 1704 472 neque
1733 419 1944 459 inveniunt
1973 419 2037 459 cui
2066 418 2276 458 adhaeres·

289 497 392 541 cant,
429 491 637 531 haeremus
674 491 846 543 denique
877 492 919 530 in
949 491 1025 531 hac
1054 493 1225 531 mirifica
1252 492 1406 531 ratione
1435 504 1515 544 qua
1543 490 1754 530 universae
1784 491 2004 531 sententiae
2035 489 2083 530 de
2111 490 2276 530 interitu

287 577 417 602 rerum
454 563 631 602 omnium
669 576 770 616 quae
807 570 918 603 ortae
954 570 1048 603 sunt
1083 564 1192 604 nullo
1226 563 1423 617 probabili
1459 563 1632 612 transitu
1666 562 1771 603 facto
1807 563 2071 604 adnectuntur
2105 569 2145 603 et
2178 562 2277 602 haec

288 633 514 674 Stoicorum
544 635 678 687 opinio
709 642 749 674 et
776 635 1021 688 reliquorum
1051 636 1378 689 philosophorum
1407 634 1492 674 sive
1522 634 1572 674 de
1600 634 1787 675 incendio
1813 636 1899 675 sive
1924 635 2003 675 alia
2026 648 2276 688 quacumque
2317 679 2320 682 ,

287 706 403 745 ruina
431 706 568 746 mundi
600 708 835 747 sententiae.
888 707 979 747 Hae
1010 722 1109 761 quas
1140 708 1411 759 significamus
1441 707 1682 746 offensiones
1712 707 1846 747 nullae
1881 714 1990 758 sunt,
2027 707 2062 747 si
2097 707 2275 747 codicem

288 778 534 830 explicamus
565 779 729 832 eiusque
759 779 994 817 memoriam
1026 780 1246 832 sequimur-3
1277 779 1343 818 ubi
1373 778 1447 818 hae
1477 793 1520 818 se
1551 779 1774 818 sententiae
1803 779 2025 832 excipiunt:

622 849 721 900 Quis
746 851 848 891 enim
872 852 1112 904 sapientium
1136 851 1301 901 dubitat,
1332 852 1419 902 quis
1444 851 1618 903 εἷρπον-αι,
1651 851 1781 889 omnia
1808 864 1910 902 quae
1934 859 2020 890 orta
2045 859 2148 900 eunt,
2175 852 2275 890 occi-

619 922 722 973 dere,
754 935 856 975 quae
872 922 994 975 facta
1024 929 1116 962 sunt
1142 924 1317 973 interire,
1346 921 1494 962 caelum
1523 934 1677 975 quoque
1712 935 1799 961 cum
1835 922 2013 963 omnibus
2043 936 2142 976 quae
2171 921 2275 963 caelo

619 996 865 1034 continentur
892 996 951 1033 ita
978 1002 1023 1034 ut
1050 997 1222 1049 coepisse
1250 996 1433 1033 desinere.

288 1066 403 1115 Quae
433 1067 551 1118 plane
581 1067 741 1118 egregia
770 1074 882 1105 sunt:
914 1081 1021 1105 nunc
1052 1068 1157 1118 quod
1190 1069 1371 1105 universe
1402 1067 1450 1104 de
1480 1067 1665 1104 omnibus
1696 1079 1797 1117 quae
1828 1072 1915 1103 orta
1943 1066 2007 1103 vel
2035 1066 2141 1104 facta
2170 1073 2274 1117 sunt,

288 1136 395 1178 idem
422 1136 471 1177 de
498 1136 609 1178 caelo
636 1151 790 1191 quoque
816 1137 974 1188 dicitur,
1002 1144 1042 1178 et
1061 1144 1238 1191 perapte,
1268 1145 1310 1178 ut
1334 1153 1453 1191 supra
1478 1152 1578 1190 quae
1604 1146 1692 1178 orta
1716 1146 1807 1177 sunt
1831 1139 2017 1187 occidere,
2045 1139 2278 1190 quaefacta

287 1216 379 1249 sunt
411 1210 591 1260 interire,
629 1209 687 1250 sic
723 1224 828 1250 nunc
858 1209 907 1250 de
937 1209 1048 1251 caelo
1078 1212 1136 1251 ita
1164 1218 1209 1251 ut
1243 1212 1412 1264 coepisse
1446 1210 1637 1261 desinere,
1676 1211 1863 1262 quoniam
1893 1225 1944 1250 ex
1973 1211 2088 1250 initio
2118 1218 2276 1262 sumpto

289 1281 500 1321 desinendi
534 1282 754 1323 necessitas
790 1281 1010 1334 deducitur,
1048 1282 1158 1323 velut
1192 1280 1346 1323 Seneca
1378 1282 1419 1323 in
1454 1280 1575 1323 simili
1611 1280 1880 1336 disputatione
1910 1281 2051 1323 scribit
2079 1281 2129 1323 ad
2159 1280 2275 1334 Poly-

289 1354 399 1391 bium
423 1357 456 1404 1,
483 1355 502 1392 1
531 1361 696 1393 ceterum
723 1355 921 1406 quidquid
944 1356 1072 1407 coepit
1096 1361 1133 1394 et
1156 1355 1314 1405 desinit,
1343 1359 1382 1393 et
1402 1351 1543 1394 Cicero
1565 1353 1741 1407 saepius,
1772 1353 1820 1393 de
1845 1359 1927 1393 nat.
1950 1352 2057 1394 deor.
2084 1354 2121 1403 1,
2142 1352 2180 1403 8,
2202 1353 2273 1401 20;

291 1427 332 1474 1,
357 1427 424 1475 10,
449 1426 502 1463 26
533 1427 651 1477 quasi
675 1439 755 1463 non
784 1438 895 1463 omne
924 1426 1031 1478 quod
1060 1433 1188 1464 ortum
1217 1427 1268 1464 sit
1293 1425 1519 1465 mortalitas
1555 1431 1833 1479 consequatur,
1866 1425 1908 1474 1,
1930 1425 2000 1477 24,
2022 1424 2076 1466 68
2105 1425 2142 1466 si
2170 1432 2275 1466 ortus

289 1506 345 1537 est
369 1500 543 1547 deorum,
570 1500 749 1537 interitus
775 1499 827 1537 sit
843 1512 994 1537 necesse
1014 1506 1082 1547 est,
1108 1498 1312 1537 Minucius
1334 1498 1503 1550 denique
1524 1498 1609 1550 ipse
1630 1510 1663 1535 c.
1685 1499 1750 1548 21,
1776 1499 1828 1537 10
1847 1499 2013 1536 moritur
2037 1511 2146 1537 omne
2171 1499 2277 1551 quod

288 1571 467 1610 nascitur
495 1567 562 1620 (cf.
587 1572 648 1620 11,
673 1567 728 1619 3).
778 1568 869 1618 Quo
899 1570 1027 1620 magis
1058 1577 1225 1622 apparet
1254 1570 1352 1608 haec
1380 1584 1458 1608 non
1488 1583 1605 1621 posse
1641 1571 1817 1621 separari
1848 1583 1895 1608 ac
1925 1570 2093 1609 distrahi
2128 1571 2276 1609 caelum

290 1655 445 1695 quoque
472 1643 530 1682 ita
557 1649 600 1682 ut
629 1643 800 1695 coepisse
829 1642 1017 1689 desinere,
1048 1641 1236 1693 quodque
1272 1656 1350 1680 non
1387 1643 1443 1680 ita
1475 1649 1519 1680 ut
1552 1643 1679 1694 coepit
1706 1642 1898 1691 desinere,
1936 1642 2005 1681 sed
2042 1643 2275 1682 concinnius

290 1714 411 1754 etiam
446 1712 595 1767 duplici
630 1713 829 1754 infinitivo
864 1713 995 1767 posito
1030 1713 1225 1766 loquitur,
1258 1713 1298 1752 in
1329 1713 1507 1766 proximo
1544 1712 1663 1753 habet
1699 1713 1925 1766 exemplum
1960 1711 2049 1764 (10)
2084 1714 2277 1754 hominem

290 1801 315 1824 a
344 1787 414 1825 deo
443 1794 487 1824 ut
512 1787 688 1838 primum
710 1786 889 1839 potuisse
905 1785 1013 1838 finyi
1039 1787 1097 1824 ita
1123 1794 1239 1837 posse
1268 1785 1394 1824 denuo
1421 1784 1652 1837 reformari,
1689 1798 1930 1838 quamquam
1966 1785 2103 1825 eodem
2140 1791 2275 1826 tenore

290 1858 424 1897 statim
456 1858 582 1897 altera
608 1857 736 1897 forma
765 1858 946 1910 sequitur
980 1859 1080 1897 sicut
1109 1858 1157 1896 de
1184 1857 1307 1896 nihilo
1337 1859 1449 1895 nasci
1476 1858 1599 1907 licuit,
1627 1858 1685 1896 ita
1711 1859 1758 1896 de
1783 1857 1907 1897 nihilo
1937 1858 2052 1897 licere
2078 1859 2274 1910 reparari.

489 1930 556 1968 Ab
586 1929 650 1968 his
679 1935 824 1979 autem,
857 1942 958 1982 quae
988 1929 1046 1968 sic
1072 1929 1129 1968 uti
1152 1929 1302 1981 scripta
1322 1928 1475 1968 suntin
1496 1927 1632 1968 codice
1653 1927 1915 1979 defendimus,
1948 1928 2161 1969 interstitio
2182 1943 2275 1982 quo-

292 2001 384 2041 dam
414 2002 565 2041 maiore
596 2008 779 2054 separata
808 2007 902 2040 sunt
931 2014 1032 2053 quae
1061 2001 1345 2053 insequuntur:

611 2073 792 2125 fontium
812 2073 937 2112 dulcis
958 2086 1067 2125 aqua
1084 2074 1215 2112 maria
1234 2073 1399 2122 num-ire,
1421 2074 1463 2111 in
1488 2074 1567 2112 vim
1584 2074 1691 2126 iqnis
1710 2072 1911 2112 abiturum
1932 2072 2075 2112 Stoicis
2096 2081 2276 2113 constans

624 2145 759 2198 opinio
789 2152 856 2193 est,
889 2145 995 2197 quod
1022 2151 1249 2197 consumpto
1280 2144 1439 2183 humore
1465 2145 1633 2184 ‘mundus
1661 2144 1724 2184 hie
1753 2145 1879 2184 omnis
1907 2146 2090 2198 iqnescat.

291 2217 405 2257 Haec
430 2224 595 2271 apparet
620 2216 814 2256 nonnulla
838 2223 949 2270 parte
976 2223 1160 2257 truncata
1184 2230 1289 2257 esse:
1321 2229 1425 2256 nova
1451 2216 1648 2257 sententia
1671 2216 1864 2257 transitus
1891 2216 2091 2269 parandus
2117 2223 2201 2258 erat
2225 2218 2275 2259 ab

291 2291 372 2328 illis
403 2291 588 2328 universe
614 2289 732 2327 dictis
759 2289 809 2326 ad
837 2289 1126 2327 enumerandas
1148 2288 1396 2340 singulorum
1418 2287 1743 2341 philosophorum
1762 2288 2001 2340 sententias;
2029 2288 2277 2330 desideratur

292 2361 413 2399 etiam
447 2360 600 2413 aliquid
635 2360 685 2399 ad
715 2361 985 2412 integritatem
1020 2361 1243 2400 sententiae
1272 2373 1374 2413 quae
1405 2359 1679 2400 condicionem
1713 2359 1864 2400 indicat
1897 2374 1975 2413 qua
2009 2360 2199 2401 mundum
2234 2362 2276 2401 in

295 2434 376 2472 vim
396 2433 501 2483 ignis
522 2433 723 2471 abiturum
745 2431 912 2471 credunt
933 2430 1072 2472 Stoici.
1113 2431 1226 2472 Haec
1247 2432 1362 2485 plura
1382 2438 1475 2471 sunt
1495 2445 1611 2485 quam
1633 2445 1733 2486 quae
1754 2432 1900 2472 certius
1925 2432 2082 2472 restitui
2102 2433 2274 2486 possint:

294 2505 391 2544 satis
426 2505 479 2543 sit
513 2505 751 2543 sententiam
787 2504 917 2556 qualis
951 2504 1033 2543 fere
1068 2504 1187 2543 fuerit
1221 2504 1483 2555 significasse.
1539 2504 1588 2542 In
1624 2517 1703 2556 qua
1736 2517 1780 2542 re
1814 2517 1888 2543 nos
1923 2503 2065 2543 Cicero
2101 2504 2276 2554 adiuvat,

293 2576 406 2616 cuius
436 2575 560 2615 libros
592 2574 640 2615 de
670 2582 813 2615 natura
848 2575 1010 2615 deorum
1041 2583 1189 2628 quanto
1225 2574 1358 2615 studio
1389 2574 1588 2615 Minucius
1618 2575 1824 2628 amplexus
1854 2575 1988 2626 fuerit,
2025 2576 2150 2615 multa
2185 2585 2278 2616 sunt

295 2662 396 2701 quae
427 2647 616 2697 doceant3
647 2647 779 2700 itaque
808 2662 914 2687 nunc
944 2648 993 2687 ad
1024 2662 1117 2688 suas
1152 2648 1328 2687 rationes
1362 2646 1499 2686 retulit
1532 2661 1632 2699 quae
1666 2648 1703 2698 2,
1731 2648 1796 2699 46,
1827 2647 1916 2698 118,
1953 2648 2154 2700 leguntur:
2190 2657 2280 2689 sunt

294 2727 435 2771 autem,
456 2720 587 2772 inquit
607 2706 766 2759 Stoicus
789 2718 1009 2770 Tullianus,
1033 2720 1163 2760 stellae
1181 2728 1327 2760 natura
1335 2719 1561 2771 flammeae.-
1590 2721 1774 2772 quocirca
1797 2728 1923 2760 terrae
1941 2722 2065 2760 marie
2083 2734 2279 2772 aquarum

292 2791 507 2844 vaporibus
533 2791 696 2830 aluntur
713 2792 766 2830 iis
792 2792 863 2843 qui
881 2806 906 2830 a
931 2792 1009 2830 sole
1034 2805 1081 2830 ea:
1106 2792 1215 2844 aqi-is
1241 2790 1444 2844 tepefactis
1469 2797 1505 2829 et
1529 2804 1576 2829 ea·
1599 2792 1715 2844 aquis
1740 2792 1980 2831 excitantur:
2010 2790 2151 2844 quibus
2175 2792 2278 2833 altae

293 2872 578 2916 renovataeque
612 2863 747 2903 stellae
780 2870 897 2915 atque
930 2865 1056 2903 omnis
1091 2864 1222 2903 aether
1248 2863 1467 2914 refundunt
1494 2864 1626 2902 eadem
1654 2871 1690 2902 et
1715 2877 1874 2902 rursum
1902 2863 2062 2903 trahunt
2089 2865 2275 2915 indidem,

294 2935 397 2975 nihil
423 2942 468 2975 ut
482 2935 576 2987 fere
603 2936 769 2975 intereat
797 2942 867 2975 aut
893 2936 1105 2975 admodum
1132 2936 1316 2988 paulum,
1353 2935 1459 2986 quod
1493 2942 1688 2974 astrorum
1720 2937 1825 2987 iqnis
1860 2943 1896 2974 et
1929 2935 2094 2974 aetheris
2110 2937 2276 2988 flamma

296 3009 497 3048 consumit.
534 3007 598 3047 Ex
623 3021 700 3062 quo
726 3015 952 3048 eventurum
976 3009 1105 3048 nostri
1115 3015 1261 3062 putant
1284 3040 1291 3047 .
1315 3039 1323 3048 .
1350 3015 1393 3047 ut
1412 3008 1466 3046 ad
1484 3015 1693 3047 extremum
1713 3010 1837 3047 omnis
1861 3008 2029 3046 mundus
2053 3010 2275 3062 iqnesceret,
