2552 3470
1257 98 1312 138 20

284 204 519 256 appelletur,
551 219 668 245 nemo
699 206 775 245 nisi
807 205 856 244 de
885 206 999 245 asino
1030 207 1190 257 cogitet,
1222 207 1312 258 quis
1344 206 1419 245 hoc
1448 206 1708 255 contenderit,
1740 213 1780 244 et
1809 206 1965 245 Ennius
1995 208 2112 244 simia
2141 207 2273 256 inquit

284 287 405 329 quam
433 276 575 315 similis
603 277 833 328 turpissima
862 275 984 316 bestia
1012 276 1136 316 nobis.
1177 275 1268 316 Hoc
1296 283 1429 315 autem
1459 276 1500 315 in
1521 275 1709 327 ambiguo
1730 275 1966 328 relinquere,
1999 282 2042 314 ut
2061 290 2111 314 ex
2132 274 2269 314 adver-

284 346 381 385 sarii
416 346 576 386 demum
610 360 802 400 responso
832 347 1011 399 legentes
1042 347 1306 399 comperiant,
1346 347 1458 387 cuius
1488 346 1651 400 pecudis
1683 354 1802 400 caput
1831 347 2003 397 dicatur,
2040 360 2120 386 non
2150 346 2270 386 nimis

283 417 492 469 prudentis
519 432 607 456 esse
638 418 796 457 consilii
829 418 996 457 videtur.
1057 417 1192 467 Quare
1223 419 1255 458 si
1287 418 1548 471 interpolator
1576 419 1684 458 asini
1707 432 1845 458 vocem
1866 418 2032 469 addidit,
2065 417 2270 470 scriptoris

284 488 507 529 socordiam
528 489 663 542 aliqua
682 496 794 542 parte
810 489 1043 530 sublevasse
1058 489 1298 531 iudicandus
1314 496 1387 532 est.
1418 491 1485 542 At,
1507 490 1705 544 inquiunt,
1727 489 1937 530 collocatio
1958 489 2090 544 prodit
2110 503 2271 530 manum

282 562 640 614 interpolatricem:
673 564 793 602 audio
825 577 887 603 eos
918 565 1170 616 turpissimae
1194 564 1360 616 pecudis
1389 571 1508 616 caput
1536 564 1643 603 asini
1660 571 1925 603 consecratum
1944 564 2134 602 venerari.
2182 561 2272 600 Hoc

283 647 377 686 ergo
407 639 469 674 est
497 633 601 687 quod
634 633 831 675 vindicari
861 642 1053 688 oporteat,
1087 642 1129 676 ut
1158 636 1192 676 si
1217 636 1318 676 forte
1349 636 1572 688 contigerit,
1609 635 1838 688 interpolati
1869 635 2096 688 suspicione
2125 648 2268 674 nomen

282 705 448 746 levetur.
491 707 556 746 Ac
581 720 655 747 nos
687 706 780 747 dum
812 706 910 748 haec
939 707 1109 761 legimus
1140 722 1241 761 quae
1271 714 1365 749 sunt
1389 707 1493 762 apud
1514 707 1677 749 Festum
1700 722 1736 761 p.
1762 708 1852 760 146,
1874 707 1927 749 29
1948 706 2021 748 Th.
2045 728 2095 735 —
2117 708 2274 747 minimi

281 779 471 816 habeatur
489 777 672 829 (flamen)
694 780 925 818 Pomonalis
956 781 1062 832 quod
1084 780 1266 819 Pomona
1295 780 1488 819 levissimo
1506 780 1670 832 fructui
1696 793 1883 834 aqrorum
1901 779 2105 833 praesidet
2126 779 2269 832 pomis,

282 849 465 889 videmur
500 850 671 889 eandem
705 853 897 890 orationis
932 852 1101 890 formam
1136 864 1353 902 agnoscere
1390 865 1490 904 quae
1526 858 1587 891 est
1616 852 1721 904 apud
1752 852 1984 903 Minucium,
2021 852 2271 903 turpissimae

279 922 444 973 pecudis
473 929 594 975 caput
620 924 729 961 asini
755 929 1018 961 consecratum
1046 924 1244 970 venerari,·
1274 929 1314 961 et
1343 922 1377 961 si
1400 922 1546 961 Paulus
1578 921 1770 962 diaconus
1791 922 1955 962 Festina
1981 923 2050 962 illa
2074 922 2132 962 sic
2151 921 2271 962 refert

282 994 389 1045 quod
417 994 600 1033 Pomona
633 995 824 1034 levissimo
846 994 1009 1046 fructui
1041 1009 1229 1047 aqrorum
1258 995 1471 1047 praesidet,
1506 996 1551 1034 id
1584 1002 1640 1034 est
1670 997 1813 1046 pomis,
1850 1009 1930 1034 non
1966 1002 2027 1034 est
2062 995 2168 1046 quod
2203 1009 2269 1032 eas

282 1064 446 1105 voculas
467 1071 536 1105 aut
554 1065 674 1106 Festo
704 1064 896 1106 addamus
926 1072 995 1105 aut
1015 1065 1206 1117 Minucio,
1238 1065 1309 1106 sed
1339 1065 1514 1119 apertius
1544 1065 1645 1106 ratio
1675 1065 1875 1106 indicatur
1904 1081 1983 1119 qua
2013 1065 2270 1119 descriptioni

282 1151 429 1178 nomen
459 1138 631 1193 appositi
661 1137 748 1179 loco
779 1137 849 1179 sed
880 1137 1011 1179 media
1041 1153 1137 1180 voce
1167 1139 1376 1180 interiecta
1405 1137 1641 1180 adnectitur.
1690 1138 1780 1180 Hoc
1811 1154 1904 1180 vero
1933 1154 2078 1191 genere
2113 1140 2269 1191 apposi-

283 1217 414 1248 torum
435 1211 592 1265 saepius
619 1211 679 1249 usi
701 1217 793 1250 sunt
824 1218 990 1264 veteres,
1024 1211 1131 1251 velut
1152 1209 1306 1252 Seneca
1335 1210 1476 1253 scribit
1505 1210 1555 1252 ad
1575 1210 1770 1253 Marciam
1804 1212 1837 1264 1,
1855 1211 1882 1253 4
1910 1211 1947 1253 si
1973 1210 2084 1253 illum
2104 1209 2150 1253 ob
2171 1211 2271 1253 duas

282 1297 344 1320 res
370 1284 656 1332 pulcherrimas
688 1286 733 1320 in
762 1285 995 1320 oblivionem
1024 1286 1237 1320 coniectum
1267 1284 1526 1336 eloquentiam
1555 1290 1590 1321 et
1619 1283 1833 1321 libertatem
1860 1295 1939 1322 non
1965 1284 2148 1331 eruisse&
2178 1282 2270 1323 arti·

282 1355 458 1394 ficiosius
479 1356 598 1406 paulo
620 1356 689 1394 sed
711 1357 752 1393 in
773 1370 931 1394 summa
956 1357 1012 1394 rei
1041 1357 1278 1406 compariter
1297 1356 1494 1406 Apuleius
1516 1355 1679 1393 Metam.
1702 1357 1738 1404 6,
1760 1357 1810 1393 15
1841 1357 1981 1408 optimi
1999 1356 2105 1393 Iovis
2123 1355 2269 1407 reqalis

282 1425 362 1465 ales
386 1425 458 1464 illa
486 1435 642 1478 repente
663 1429 883 1479 propansis
912 1429 1108 1478 utrimque
1135 1429 1270 1478 pinnis
1300 1427 1416 1477 affuit
1442 1441 1574 1478 rapax
1603 1428 1742 1477 aquila
1751 1442 1764 1472 ,·
1794 1433 1833 1465 et
1862 1427 2011 1464 ibidem
2042 1428 2078 1476 6,
2099 1427 2148 1464 12
2178 1428 2270 1464 inde

282 1497 328 1538 de
346 1497 473 1549 fluvio
492 1498 665 1538 musicae
684 1499 816 1538 suavis
843 1499 1044 1538 nutricula
1075 1497 1155 1538 leni
1182 1500 1331 1551 crepitu
1360 1498 1487 1538 dulcis
1516 1513 1639 1537 aurae
1668 1499 1856 1537 divinitus
1876 1501 2076 1550 inspirata
2094 1500 2151 1537 sic
2170 1501 2267 1537 vati-

281 1570 436 1609 cinatur
455 1570 609 1609 arundo
629 1571 781 1609 viridis.
843 1568 964 1610 Cadit
993 1577 1126 1610 autem
1157 1570 1255 1609 haec
1284 1570 1386 1610 ratio
1416 1570 1589 1609 maxime
1620 1570 1661 1609 in
1682 1570 1846 1609 nomina
1865 1570 2026 1622 propria
2045 1570 2113 1608 illo
2136 1570 2266 1618 modo,

280 1640 320 1679 b.
341 1655 374 1680 e.
397 1655 577 1681 seorsum
597 1655 621 1680 a
641 1642 863 1694 praemissa
882 1641 1124 1692 laudatione,
1157 1642 1322 1692 adiecta,
1356 1642 1465 1681 velut
1493 1641 1598 1694 apud
1620 1640 1857 1682 Ciceronem
1885 1656 1957 1694 pro
1978 1639 2111 1681 Sestio
2132 1655 2164 1681 c.
2188 1642 2223 1691 3,
2244 1642 2265 1681 7

280 1713 387 1751 ducit
413 1726 575 1752 uxorem
596 1720 717 1766 patre
744 1714 832 1752 vivo
863 1714 1004 1767 optimi
1037 1720 1073 1752 et
1101 1713 1432 1753 calamitosissimi
1462 1714 1546 1752 viri
1563 1713 1698 1766 filiam
1732 1712 1780 1753 L.
1813 1712 2027 1765 Scipionis.
2077 1712 2267 1752 Putamus

280 1784 385 1823 enim
406 1784 481 1822 hoc
501 1798 643 1823 revera
662 1784 769 1823 idem
789 1797 916 1836 genus
947 1797 1047 1835 esse,
1080 1790 1149 1823 aut
1178 1784 1273 1837 quid
1305 1784 1380 1824 hoc
1410 1783 1569 1824 differre
1600 1783 1771 1824 dicimus
1797 1783 1882 1824 sive
1903 1798 1927 1824 a
1946 1783 2114 1824 Minucii
2136 1783 2267 1824 verbis

279 1858 530 1907 turpissimae
557 1857 719 1908 pecudis
749 1864 867 1908 caput
896 1859 1003 1894 asini
1035 1864 1312 1905 consecratum,
1349 1857 1432 1895 sive
1468 1870 1491 1894 a
1521 1855 1630 1895 Festi
1666 1856 1860 1895 levissimo
1886 1856 2050 1906 fructui
2080 1869 2269 1909 aprorum

278 1928 477 1980 praesidet
507 1930 656 1981 pomis,
692 1928 936 1981 reliquisque
974 1942 1075 1980 quae
1111 1928 1330 1967 attulimus.
1390 1926 1470 1967 Sed
1505 1928 1689 1968 addimus
1727 1928 1823 1978 alia3
1862 1943 1931 1980 pro
1968 1928 2123 1967 Muren.
2155 1929 2192 1978 9,
2215 1929 2269 1966 20

267 1999 494 2051 fortissimo
515 2008 550 2039 et
568 2001 857 2053 sapientissimo
878 2002 976 2051 viro,
999 2014 1147 2040 summo
1166 2001 1401 2053 imperatori
1419 2000 1566 2053 leyatus
1591 2000 1637 2040 L.
1649 1999 1816 2040 Lucullo
1825 1999 1933 2052 fuit;
1955 1999 2022 2040 ubi
2043 2013 2122 2039 non
2144 1998 2268 2039 defuit

280 2073 347 2124 qui
377 2087 522 2112 nomen
554 2073 757 2124 proprium
787 2072 1030 2112 demendum
1060 2080 1252 2113 censeret.
1289 2073 1443 2124 Nempe
1472 2074 1531 2112 sic
1561 2073 1691 2111 solent
1720 2073 1914 2124 praeclari
1945 2073 2092 2111 critici:
2124 2072 2266 2111 subitis

279 2144 535 2197 opinionibus
563 2144 719 2198 abrepti
749 2144 912 2198 culpant
931 2144 1128 2186 damnant
1149 2144 1301 2186 delent:
1334 2143 1440 2197 quod
1460 2144 1559 2196 ipsis
1581 2145 1712 2198 placet
1731 2151 1885 2185 tantum
1907 2144 2126 2196 consulere,
2155 2160 2267 2184 num-

279 2230 399 2268 quam
430 2216 526 2269 quid
556 2217 758 2257 veteribus
788 2218 1001 2269 probatum
1031 2217 1160 2268 fuerit,
1198 2223 1384 2257 accurata
1413 2217 1691 2256 observatione
1722 2217 1919 2269 persequi.
1963 2216 2103 2268 Itaque
2133 2216 2174 2255 in
2204 2216 2266 2255 his

279 2302 380 2341 quae
407 2285 549 2329 Cicero
580 2288 723 2329 scribit
751 2287 803 2329 ad
823 2289 1006 2329 Atticum
1036 2286 1091 2341 (1,
1113 2290 1175 2340 19,
1195 2286 1237 2339 8)
1267 2296 1311 2329 ut
1340 2288 1471 2328 crebro
1501 2288 1600 2329 mihi
1625 2288 1740 2341 vafer
1765 2289 1833 2329 ille
1863 2287 2023 2329 Siculus
2050 2289 2269 2327 insusurret

278 2360 543 2412 Epicharmus
573 2361 808 2400 cantilenam
836 2361 949 2400 illam
977 2375 1090 2400 suam
1120 2362 1224 2413 νᾶφε
1254 2362 1349 2407 nl„
1379 2359 1472 2399 inde
1502 2374 1525 2399 a
1553 2359 1736 2400 Manutio
1767 2374 1910 2400 nomen
1942 2365 2082 2411 poetae
2113 2366 2267 2398 tantum

278 2445 359 2470 non
389 2445 526 2471 omnes
557 2431 815 2472 sustulerunt.
862 2431 941 2472 Sed
972 2431 1094 2472 iidem
1124 2432 1193 2485 qui
1224 2432 1264 2471 in
1294 2431 1365 2471 illa
1394 2444 1436 2470 re
1466 2430 1690 2471 Manutium
1722 2432 1893 2485 probant
1922 2431 2118 2484 patienter
2137 2430 2268 2471 ferunt

279 2517 381 2554 quae
402 2503 589 2554 leguntur
604 2503 722 2542 Tusc.
740 2504 842 2555 disp.
858 2505 896 2554 4,
915 2505 952 2554 2,
971 2505 995 2543 3
1014 2506 1273 2557 qravissimus
1293 2510 1431 2542 auctor
1449 2504 1492 2542 in
1511 2503 1741 2555 Oriqinibus
1761 2504 1864 2543 dixit
1878 2503 1972 2543 Cato
1991 2516 2137 2542 morem
2157 2503 2268 2556 apud

277 2576 447 2615 maiores
474 2575 577 2615 hunc
605 2576 811 2627 epularum
829 2576 973 2627 fuisse.
1035 2579 1102 2616 An
1132 2577 1287 2616 vafrum
1318 2576 1431 2615 illum
1463 2573 1640 2615 Siculum
1670 2577 1799 2627 magis
1828 2582 1966 2615 notum
1995 2575 2119 2614 fuisse
2149 2588 2265 2626 quam

278 2645 491 2701 Originum
513 2647 748 2702 scriptorem
769 2648 936 2701 putant?
978 2645 1200 2690 Collocatio
1231 2656 1364 2690 autem
1394 2648 1568 2689 nominis
1597 2649 1807 2701 utrobique
1838 2649 1976 2688 eadem
2006 2655 2078 2688 est.
2122 2647 2169 2686 In
2191 2662 2268 2699 qua

277 2734 319 2759 re
349 2720 448 2759 illud
479 2733 637 2774 quoque
666 2720 1005 2761 reminiscendum
1037 2727 1109 2774 est,
1149 2727 1302 2762 veteres
1333 2734 1407 2761 nec
1437 2719 1566 2761 solum
1594 2720 1811 2772 Romanos,
1844 2720 1964 2761 etiam
1994 2718 2170 2761 Graecos
2200 2717 2266 2770 (de

278 2806 445 2845 quorum
475 2807 549 2832 usu
578 2793 772 2833 nonnulla
807 2793 848 2832 in
884 2794 1086 2845 prooemio
1122 2794 1267 2834 indicis
1297 2793 1388 2834 lect.
1419 2793 1502 2833 hib.
1524 2807 1559 2833 a.
1594 2789 1768 2845 1885s86
1798 2807 1835 2846 p.
1866 2794 1918 2833 10
1947 2791 2130 2844 exposita
2158 2790 2267 2843 sunt)

278 2878 397 2917 saepe
417 2865 582 2904 nomina
600 2864 747 2904 addere
769 2865 897 2904 solere
917 2866 984 2904 ubi
1006 2879 1105 2918 opus
1133 2879 1213 2905 non
1241 2871 1326 2905 erat
1351 2864 1445 2904 addi
1472 2864 1542 2904 sed
1569 2871 1724 2905 tantum
1746 2864 1937 2917 plenioris
1958 2877 2005 2903 ac
2023 2863 2266 2904 rotundioris

277 2936 510 2976 efficiendae
531 2937 723 2977 orationis
746 2951 876 2976 causa.
927 2934 1006 2976 Sed
1031 2938 1238 2977 illanunc
1267 2951 1340 2977 nos
1371 2951 1451 2976 non
1472 2937 1765 2989 persequimur:
1796 2936 1845 2975 de
1865 2937 1952 2976 loco
1974 2941 2126 2975 tantum
2147 2950 2266 2988 appo-

277 3009 445 3048 sitorum
475 3009 643 3061 agimus.
703 3006 828 3049 Cuius
864 3009 1021 3061 generis
1057 3008 1156 3049 haec
1192 3009 1313 3049 etiam
1349 3023 1645 3050 enumeramus:
1683 3008 1732 3049 de
1762 3014 1860 3048 orat.
1885 3008 1920 3060 1,
1941 3008 2003 3059 16,
2021 3008 2074 3048 69
2103 3015 2265 3057 constat,
