2552 3470
1255 148 1305 187 12

620 259 884 311 parricidium
902 258 1017 310 fecit.
1064 258 1171 298 Haec
1198 260 1330 311 prima
1356 266 1445 298 sunt
1471 259 1650 311 auspicia
1670 259 1877 312 reliyiosae
1897 259 2076 298 civitatis.
2112 262 2150 298 3.
2175 259 2271 299 Μοι-

620 331 771 370 alienas
798 332 970 384 virqines
999 332 1081 371 iam
1109 331 1363 385 desponsatas
1395 332 1477 371 iam
1510 331 1723 370 destinatas
1757 338 1793 371 et
1818 330 2029 370 nonnullas
2058 331 2105 369 de
2132 332 2270 371 ‘matri-

618 404 748 442 monio
778 404 1028 443 mulierculas
1057 405 1140 442 sine
1173 417 1280 443 more
1307 405 1443 454 rapuit
1471 403 1633 442 violavit
1666 404 1804 443 inlusit
1837 411 1872 442 et
1906 417 1992 441 cum
2026 416 2162 442 earum
2190 417 2269 455 pa-

617 474 803 525 rentibus,
834 476 880 515 id
907 483 962 515 est
990 490 1077 515 cum
1106 476 1247 515 soceris
1272 477 1366 527 suis,
1397 474 1539 515 bellum
1557 476 1723 527 miscuit,
1750 476 2022 529 propinquum
2040 475 2269 528 sanquinem

522 553 563 584 10
621 547 750 598 fudit.
796 546 905 596 Quid
928 548 1203 601 irreliqiosius,
1236 548 1334 600 quid
1362 548 1567 597 audacius,
1605 549 1704 600 quid
1730 549 1822 601 ipsa
1851 548 2005 586 sceleris
2034 547 2270 603 confidentia

618 619 763 658 tutius?

287 690 398 729 Haec
433 690 699 731 exscribenda
735 698 849 731 erant
883 698 926 731 ut
960 693 1124 732 iudicari
1161 698 1297 744 posset
1332 692 1380 731 de
1416 698 1594 731 extrema
1628 705 1737 742 voce,
1774 705 1875 744 quae
1905 698 1965 730 est
1998 692 2137 737 tuam,-
2167 704 2268 742 quae

287 762 557 814 compluribus
588 763 777 815 deinceps
808 763 1028 803 editoribus
1063 778 1230 814 magnae
1261 764 1471 803 offensioni
1501 764 1574 802 fuit
1604 776 1802 815 quamque
1832 764 1966 813 variis,
1998 768 2040 801 ut
2068 763 2124 812 fit,
2164 776 2267 801 com—

285 834 431 874 mentis
462 834 660 886 corrigere
690 841 952 888 temptarunt:
984 838 1167 885 atrocius,
1197 837 1365 889 turpius,
1396 836 1568 886 taetrius,
1600 836 1777 885 astutius,
1810 835 2122 874 coniecturarum
2154 848 2267 885 seges

286 911 347 945 est
376 906 418 945 in
449 905 525 946 hoc
553 906 677 946 fundo
708 913 905 947 natarum.
967 906 1146 957 Quorum
1176 913 1306 947 tamen
1339 907 1439 947 nihil
1470 913 1540 958 est,
1573 906 1678 960 quod
1709 921 1760 947 ex
1789 907 1878 960 ipsa
1897 906 2097 947 sententia
2116 904 2267 959 aliquid

284 979 525 1017 firmamenti
557 979 834 1029 nanciscatur3
864 995 957 1019 nam
989 981 1052 1020 his
1083 980 1268 1033 epithetis
1299 994 1388 1019 cum
1418 981 1650 1031 confidentia
1679 980 1832 1019 sceleris
1861 979 1962 1018 nihil
1988 993 2076 1019 esse
2097 993 2267 1019 commu-

285 1050 419 1090 nionis
448 1057 624 1104 apparet.
666 1048 746 1100 Qui
769 1067 863 1092 vero
885 1053 1126 1093 sententiam
1147 1053 1339 1092 intentius
1360 1053 1575 1105 perspiciet
1594 1066 1641 1092 ac
1661 1052 1954 1104 pertemptabit,
1977 1052 2087 1092 nullo
2107 1052 2266 1103 negotio

285 1122 510 1174 intelligere
541 1123 697 1175 poterit,
730 1123 780 1163 ad
812 1124 967 1177 sceleris
997 1125 1275 1180 confidentiam
1303 1130 1394 1178 apte
1424 1123 1561 1163 referri
1591 1137 1671 1163 non
1701 1136 1820 1177 posse
1849 1122 1928 1163 nisi
1959 1138 2092 1174 unum,
2130 1125 2265 1163 tutius:

285 1195 431 1246 quippe
462 1196 592 1234 scelus
618 1196 749 1247 ipsum
780 1204 905 1235 tutum
934 1197 1102 1235 reddere
1133 1197 1373 1236 confidentia
1394 1196 1555 1235 sceleris
1577 1196 1689 1251 solet.
1735 1196 1781 1234 In
1803 1195 1907 1234 hanc
1927 1196 2164 1234 sententiam
2188 1194 2266 1247 Cy-

284 1266 449 1318 prianus
480 1267 620 1306 scribit
650 1267 699 1306 ad
721 1267 1025 1307 Demetrianum
1057 1282 1088 1307 c.
1113 1270 1160 1307 11
1193 1265 1286 1318 (vol.
1311 1269 1329 1307 1
1355 1282 1391 1320 p.
1409 1267 1491 1307 358
1512 1264 1646 1318 Hart.)
1675 1269 1719 1306 in
1748 1267 1969 1308 latronibus
1989 1275 2043 1306 est
2061 1274 2268 1319 utcumque

283 1338 421 1390 aliqua
440 1339 624 1378 scelerum
643 1340 890 1390 verecundia,
919 1341 1032 1378 avias
1056 1340 1195 1387 fauces
1215 1348 1250 1379 et
1269 1341 1437 1379 desertas
1456 1340 1684 1379 solitudines
1704 1340 1889 1392 diliqunt,
1910 1347 1944 1379 et
1963 1341 2020 1378 sic
2038 1339 2122 1378 illic
2141 1338 2266 1377 delin-

284 1411 431 1462 quitur,
463 1418 506 1450 ut
533 1418 661 1451 tamen
690 1411 997 1464 delinquentium
1015 1411 1184 1463 facinus
1214 1412 1377 1452 tenebris
1406 1420 1441 1452 et
1459 1420 1569 1452 nocte
1588 1413 1741 1452 veletur.
1787 1412 1973 1451 Avaritia
1987 1411 2128 1464 palam
2147 1413 2269 1451 saevit

284 1490 318 1521 et
346 1484 438 1535 ipsa
467 1483 637 1522 audacia
666 1496 738 1522 sua
768 1490 850 1523 tuta
879 1484 922 1522 in
940 1483 1036 1534 fori
1062 1483 1144 1523 luce
1174 1483 1364 1537 abruptae
1384 1484 1611 1536 cupiditatis
1640 1497 1753 1522 arma
1780 1484 1993 1537 prostituit.
2033 1482 2116 1522 Nec
2138 1488 2266 1522 vetus-

283 1554 404 1593 tiores
441 1569 518 1594 non
555 1555 703 1594 similia
741 1556 899 1608 saepius
937 1562 1230 1608 expresserunt,
1264 1555 1371 1595 velut
1405 1555 1508 1609 apud
1540 1553 1735 1595 Senecam
1770 1555 1810 1594 in
1842 1557 2143 1607 Agamemnone
2173 1552 2266 1607 Gly-

281 1633 523 1666 taemnestra
552 1628 610 1666 ita-
637 1641 771 1666 secum
803 1628 997 1667 deliberat
1026 1626 1143 1678 (115)

748 1701 800 1738 da
817 1699 944 1750 frena
974 1708 1009 1739 et
1039 1714 1188 1739 omnem
1214 1714 1347 1753 prona
1376 1701 1591 1753 nequitiam
1619 1701 1762 1739 incita:

744 1785 817 1824 per
845 1770 992 1811 scelera
1020 1786 1171 1825 semper
1199 1771 1405 1811 sceleribus
1435 1779 1556 1811 tutum
1586 1780 1641 1811 est
1668 1774 1755 1821 iter,

281 1849 321 1883 et
341 1841 556 1883 Sallustius
588 1857 677 1883 cum
708 1844 749 1884 in
771 1843 965 1897 Iugurtha.
993 1860 1025 1884 o.
1043 1845 1108 1896 31,
1134 1845 1184 1885 13
1213 1858 1312 1898 pars
1333 1859 1464 1885 eorum
1486 1846 1670 1885 occidisse
1690 1843 1866 1884 tribunos
1884 1843 2024 1896 plebis,
2056 1843 2130 1883 alii
2149 1857 2265 1896 quae-

281 1917 424 1955 stiones
453 1917 634 1966 iniustas,
661 1916 846 1969 plerique
876 1918 1028 1956 caedem
1050 1919 1094 1956 in
1113 1931 1180 1956 vos
1189 1917 1339 1968 fecisse
1357 1930 1432 1970 pro
1452 1919 1687 1956 munimento
1708 1917 1866 1956 habent.-
1887 1917 1944 1955 ita
1965 1929 2083 1968 quam
2103 1916 2266 1968 quisque

280 1991 445 2043 pessime
453 1988 557 2039 fecit
576 1997 654 2028 tam
675 1991 844 2028 maxime
864 1997 967 2029 tutus
988 1998 1062 2037 est,·
1092 1997 1175 2029 tum
1196 1990 1238 2029 in
1260 1990 1438 2029 oratione
1459 1989 1600 2042 Lepidi
1621 1987 1682 2040 (6)
1702 1989 1801 2029 haec
1823 1989 1870 2028 de
1891 1986 2003 2028 Sulla
2024 1987 2136 2027 dicit:
2170 1989 2266 2039 quin

280 2061 386 2100 solus
416 2062 586 2100 omnium
610 2068 705 2114 post
732 2063 960 2100 memoriam
989 2062 1152 2101 humani
1175 2064 1329 2114 qeneris
1358 2062 1555 2114 supplicia
1574 2064 1616 2101 in
1633 2061 1898 2114 postfuturos
1919 2061 2145 2113 composuit,
2178 2061 2265 2112 quis

278 2134 394 2185 prius
420 2134 572 2172 iniuria
593 2146 711 2184 quam
737 2134 817 2173 vita
848 2141 952 2172 certa
981 2142 1087 2181 esset,
1116 2136 1429 2185 pravissimeque
1450 2147 1526 2185 per
1544 2134 1697 2172 sceleris
1717 2134 1997 2172 immanitatem
2016 2132 2143 2170 adhuc
2162 2139 2265 2170 tutus

268 2204 371 2255 fuit,
403 2204 497 2243 dum
515 2218 583 2243 vos
603 2211 704 2243 metu
721 2206 921 2257 qravioris
941 2206 1093 2244 servitii
1110 2220 1134 2244 a
1153 2206 1361 2259 repetenda
1383 2204 1557 2244 libertate
1577 2205 1777 2244 terremini
1780 2219 1794 2252 ,⁸
1824 2211 1864 2243 et
1883 2204 1923 2243 in
1945 2204 2122 2243 oratione
2138 2202 2263 2242 Macri

280 2283 329 2316 tr.
350 2276 403 2329 pl.
424 2274 513 2328 (13)
547 2291 652 2316 nunc
685 2279 860 2316 animum
895 2278 1094 2317 advertere
1128 2286 1162 2317 et
1196 2279 1278 2317 nisi
1304 2279 1492 2326 viceritis,
1530 2279 1717 2330 quoniam
1746 2278 1871 2317 omnis
1899 2278 2051 2315 iniuria
2072 2277 2265 2328 qravitate

280 2349 401 2388 tutior
420 2356 485 2399 est,
507 2350 633 2387 artius
652 2348 857 2389 habebunt.
888 2348 967 2388 Vel
988 2349 1083 2388 talia
1113 2349 1228 2402 quale
1259 2349 1334 2389 hoc
1360 2355 1421 2388 est
1441 2348 1544 2402 apud
1566 2348 1726 2389 Livium
1745 2346 1828 2401 (25,
1849 2348 1912 2399 38,
1933 2344 2002 2399 18)
2030 2348 2109 2387 scio
2131 2348 2265 2387 audax

278 2422 407 2461 videri
425 2423 650 2468 consilium3
680 2423 747 2461 sed
765 2423 808 2461 in
828 2421 942 2461 rebus
963 2423 1114 2474 asperis
1140 2429 1175 2461 et
1203 2423 1312 2461 tenui
1338 2435 1407 2474 spe
1424 2421 1653 2473 fortissima
1678 2435 1854 2474 quaeque
1880 2420 2044 2460 consilia
2070 2422 2264 2460 tutissima

279 2501 383 2543 sunt,
415 2493 466 2533 ad
486 2493 767 2533 declarandum
790 2493 950 2533 dicendi
981 2508 1117 2544 genus,
1149 2493 1197 2533 de
1228 2508 1306 2546 quo
1336 2493 1503 2544 agimus,
1536 2508 1613 2533 non
1639 2494 1799 2533 inutilia
1825 2499 1928 2533 sunt.
1970 2490 2050 2532 Sed
2075 2492 2171 2545 quid
2191 2506 2263 2531 nos

280 2565 435 2605 aliena?
478 2565 679 2605 Minucius
706 2566 792 2618 ipse
820 2566 897 2605 sibi
921 2564 1101 2605 subsidio
1132 2572 1203 2616 est,
1236 2566 1303 2618 qui
1334 2564 1453 2618 paulo
1485 2572 1575 2604 ante
1595 2562 1656 2616 (3)
1683 2564 1851 2605 eandem
1872 2565 2110 2604 sententiam
2131 2564 2263 2603 verbis

280 2637 441 2690 quidem
468 2638 557 2677 aliis
579 2638 732 2687 extulit,
764 2639 908 2677 muniti
926 2639 1183 2676 immanitatis
1204 2652 1297 2677 suae
1316 2645 1475 2677 terrore.
1519 2637 1595 2677 His
1616 2638 1733 2677 nobis
1754 2637 1915 2690 quidem
1937 2637 2034 2675 satis
2054 2636 2263 2688 probatum

279 2709 447 2760 videtur,
478 2709 703 2749 Minucium
732 2709 833 2748 nihil
863 2709 972 2749 aliud
1002 2709 1176 2749 scribere
1206 2710 1384 2762 potuisse
1414 2717 1541 2762 quam'
1564 2710 1667 2762 quod
1699 2710 1820 2750 estin
1843 2709 1979 2749 codice
1999 2710 2132 2747 tutius.
2174 2708 2263 2747 Nisi

280 2782 386 2833 quod
407 2782 702 2834 comparativus
724 2781 964 2834 displicebit,
988 2781 1092 2820 unde
1112 2783 1242 2821 omnis
1263 2787 1350 2821 orta
1370 2781 1566 2821 dubitatio
1587 2782 1754 2821 videtur.
1800 2779 1927 2830 Quasi
1950 2793 2042 2819 vero
2061 2778 2262 2819 Minucius

280 2853 508 2904 scripsisset
537 2854 635 2905 quid
662 2854 866 2901 audacius,
898 2855 996 2905 quid
1025 2854 1155 2903 tutius,
1186 2860 1255 2892 aut
1284 2867 1440 2893 summa
1469 2853 1529 2892 vis
1561 2854 1780 2893 sententiae
1809 2854 1850 2892 in
1880 2860 1961 2892 tuto
1987 2857 2093 2891 esset
2118 2865 2163 2890 ac
2182 2866 2263 2891 non

278 2924 320 2963 in
351 2925 584 2975 confidentia
610 2925 777 2973 sceleris,
809 2939 910 2977 quae
941 2939 1021 2964 non
1050 2925 1168 2977 longe
1200 2925 1322 2965 distat
1350 2926 1401 2964 ab
1437 2925 1685 2978 impudentia
1713 2923 1779 2976 (cf.
1801 2923 1886 2964 Cic.
1914 2938 1985 2977 pro
2012 2921 2130 2964 Caec.
2154 2925 2189 2975 1,
2207 2921 2261 2974 2).

277 2997 419 3050 Itaque
448 2997 524 3037 hoc
554 2998 661 3049 dicit,
698 2999 797 3051 quid
824 2999 1031 3047 audacius,
1069 2999 1167 3050 quid
1199 2999 1475 3051 impudentius,
1512 3004 1580 3038 aut
1614 3000 1712 3051 quid
1743 2999 1871 3050 maqis
1904 2999 1962 3036 ita
1993 3004 2263 3050 perpetratum

277 3077 346 3120 est,
376 3077 420 3109 ut
446 3071 537 3123 ipsa
566 3071 797 3122 confidentia
826 3070 979 3110 sceleris
1008 3070 1131 3110 scelus
1160 3077 1363 3110 tutaretur.
