2552 3470
1252 112 1299 152 17

284 240 363 265 non
392 226 480 265 licet
506 238 576 263 nec
604 224 753 272 audire,
786 224 902 262 etiam
927 221 1110 274 pluribus
1140 229 1254 274 turpe
1282 221 1487 273 defendere
1516 229 1588 260 est:
1618 227 1774 273 poterat
1802 222 1907 260 enim
1937 223 2054 260 etiam
2080 220 2262 273 pluribus

284 298 489 351 defendere
523 303 635 348 turpe
669 301 734 345 est,
771 293 843 334 sed
877 293 1067 334 attentius
1103 293 1265 333 rimanti
1302 308 1381 333 non
1417 299 1564 333 temere
1599 292 1800 333 videbitur
1833 293 1932 333 illud
1967 293 2135 333 alterum
2169 299 2261 333 ante

283 370 483 418 habuisse,
520 381 600 407 non
639 367 767 419 magis
804 380 922 419 quam
952 363 1094 406 Cicero
1123 364 1269 417 (Aead.
1291 372 1393 419 post.
1416 366 1452 417 2,
1476 366 1540 416 34,
1566 362 1661 415 108)
1696 366 1765 405 sed
1796 365 1906 405 brevi
1937 379 1999 405 res
2027 372 2153 418 potest
2181 372 2261 405 tota

283 442 421 495 confici
452 438 676 480 inconsulto
711 438 870 492 scripsit
906 452 996 479 cum
1030 447 1166 493 posset
1198 440 1267 479 sed
1299 439 1407 480 brevi
1433 446 1563 493 potest
1598 452 1658 479 res
1694 445 1774 479 tota
1802 439 1950 491 confici,
1982 444 2051 479 aut
2080 436 2147 489 (de
2178 444 2258 479 nat.

284 514 389 554 deor.
414 514 448 563 1,
471 512 535 563 33,
558 508 629 563 91)
657 511 756 550 mihi
783 512 938 565 quidem
967 512 1164 551 admirari
1181 511 1326 551 luberet
1344 513 1386 551 in
1407 512 1559 551 homine
1579 525 1657 550 esse
1679 510 1856 550 Romano
1877 518 2027 550 tantam
2046 512 2257 550 scientiam.

283 585 363 626 Sed
392 585 491 624 haec
519 584 624 624 levia
645 590 754 623 sunt:
785 584 945 635 gravius
966 584 1077 634 illud,
1100 584 1206 636 quod
1227 584 1330 636 apud
1351 584 1573 623 Minucium
1595 598 1694 636 quae
1714 584 1899 634 leguntur
1920 597 1952 623 c.
1975 584 2039 633 30,
2063 585 2090 623 4
2114 583 2259 623 Tauris

282 660 398 697 etiam
427 658 605 695 Ponticis
640 665 676 695 et
703 657 900 708 Aeyyptio
931 657 1117 695 Busiridi
1149 658 1249 695 ritus
1266 657 1356 707 fuit
1383 657 1553 709 hospites
1582 656 1797 703 immolare,
1828 664 1863 694 et
1891 657 2088 695 Mercurio
2121 654 2260 696 Gallos

281 730 472 769 humanas
505 728 566 768 vel
598 728 833 768 inhumanas
842 724 882 779 ²)
910 729 1087 768 victimas
1117 728 1287 778 caedere,
1320 728 1494 768 Romani
1524 726 1716 768 Graecum
1745 735 1781 767 et
1811 726 2004 767 Graecam
2035 725 2195 769 Gallum
2224 735 2259 768 et

283 801 442 841 Gallam
475 802 666 854 sacrificii
697 801 865 840 viventes
894 799 1055 840 obruere
1084 801 1206 840 variis
1235 800 1364 840 modis
1396 800 1666 840 deformarunt
1696 800 2048 852 deturparuntque,
2087 801 2138 840 ob
2168 814 2256 839 eam

280 886 453 923 causam,
485 872 578 924 quia
607 877 674 910 aut
702 870 924 923 intelligere
955 877 1023 911 aut
1051 871 1220 911 tolerare
1250 871 1463 918 n’oluerunt
1486 870 1708 911 Minucium
1731 871 1862 911 dicere
1884 871 2057 911 Romani
2073 872 2258 928 sacrificii

280 944 353 996 (sc.
378 942 482 997 suit)
515 943 708 983 Graecum
741 951 777 983 et
807 942 1000 983 Graecam
1031 943 1190 983 Gallum
1224 952 1260 983 et
1290 943 1449 983 Gallam
1486 946 1652 984 viventes
1688 943 1863 992 obruere,
1901 944 2088 983 maluisse
2124 949 2255 982 autem

279 1017 384 1056 baud
422 1017 589 1056 obscuro
626 1016 792 1055 consilio
829 1029 919 1055 cum
949 1016 1123 1056 Romani
1156 1017 1290 1056 statim
1324 1015 1517 1057 Graecum
1551 1025 1586 1056 et
1618 1015 1810 1057 Graecam
1842 1015 2001 1056 Gallum
2031 1024 2067 1055 et
2097 1014 2256 1055 Gallam

280 1090 538 1141 coniungere3
569 1095 607 1127 et
637 1089 670 1128 si
702 1094 808 1128 esset
838 1089 1013 1128 Romani
1033 1088 1225 1128 Graecam
1244 1089 1431 1140 sacmflcii
1448 1091 1635 1128 viventem
1655 1089 1826 1139 obruere,
1850 1090 2049 1128 neminem
2070 1094 2254 1141 putamus

278 1162 519 1201 offensurum
548 1161 683 1210 fuisse,
715 1160 785 1201 sed
815 1175 865 1200 ne
894 1175 1000 1200 nunc
1029 1160 1202 1213 quidem,
1233 1162 1422 1213 quoniam
1451 1161 1548 1201 haec
1572 1161 1765 1201 Graecum
1794 1170 1829 1201 et
1856 1160 2060 1211 Graecam,
2095 1160 2255 1201 Gallum

277 1242 312 1275 et
333 1233 492 1275 Gallam
520 1233 632 1286 quasi
664 1232 779 1273 unius
805 1232 981 1273 notionis
1001 1232 1160 1273 vinculo
1182 1232 1443 1285 continentur,
1468 1232 1704 1273 coniecturis
1725 1232 1923 1285 indulgeri
1945 1246 2016 1285 par
2035 1237 2113 1282 est3
2135 1237 2254 1285 atque

277 1306 346 1346 illa
366 1305 561 1359 imprimis
582 1318 682 1358 quae
704 1311 795 1345 sunt
816 1305 991 1345 Romam·
1009 1335 1017 1344 .
1040 1335 1049 1344 .
1072 1306 1258 1357 sacrificii
1276 1305 1560 1345 correctionem
1580 1319 1658 1345 non
1679 1306 1867 1358 recipere,
1898 1304 2047 1344 indicio
2069 1304 2254 1344 videntur

277 1378 384 1417 Livii
414 1378 546 1428 verba,
578 1391 745 1429 quorum
774 1377 943 1416 fortasse
973 1391 1125 1416 memor
1152 1377 1228 1415 fuit
1257 1378 1342 1429 ipse
1373 1377 1573 1416 Minucius
1604 1391 1693 1416 cum
1715 1378 1784 1416 illa
1805 1378 1997 1416 scriberet
2016 1375 2099 1426 (⁶22,
2122 1377 2187 1426 57,
2209 1374 2253 1426 6)

274 1454 431 1491 interim
459 1465 505 1490 ex
526 1450 725 1501 fatalibus
756 1449 867 1489 libris
896 1451 1094 1505 sacrificia
1124 1450 1278 1502 aliquot
1305 1451 1625 1490 extraordinaria
1643 1451 1773 1502 facta,
1805 1452 1906 1490 inter
1936 1464 2036 1502 quae
2057 1448 2199 1489 Gallus
2219 1457 2255 1489 et

279 1523 411 1573 Galla,
446 1521 619 1563 Graecus
649 1529 683 1561 et
715 1520 865 1561 Graeca
894 1523 938 1561 iu
955 1521 1055 1573 foro
1088 1521 1224 1561 boario
1254 1522 1324 1561 sub
1356 1529 1500 1561 terram
1527 1523 1609 1561 vivi
1637 1523 1796 1561 demissi
1822 1529 1913 1561 sunt
1938 1523 1981 1561 in
2011 1521 2137 1561 locum
2155 1535 2251 1560 saxo

274 1602 522 1647 consaeptum
549 1595 631 1633 iam
650 1601 738 1633 ante
756 1593 891 1633 lzostiis
910 1593 1103 1644 humanis,
1125 1595 1283 1633 minime
1305 1595 1480 1633 Romano
1501 1607 1627 1643 sacro,
1649 1593 1846 1633 imbutum.
1893 1591 1974 1633 Sed
1995 1593 2250 1633 subsistimus

273 1682 324 1707 ne
360 1668 480 1707 etiam
514 1666 671 1717 longius
702 1666 951 1717 abripiamur
982 1672 1021 1704 et
1049 1665 1098 1704 ad
1130 1666 1229 1705 alios
1260 1666 1473 1718 scriptores
1504 1666 1768 1716 traducamur,
1801 1664 2123 1718 quandoquidem
2153 1665 2249 1704 alibi

273 1753 428 1793 quoque
449 1737 629 1778 videmus
650 1736 923 1777 artificiosiore
939 1736 1200 1777 collocatione
1216 1738 1427 1778 verborum
1446 1738 1612 1777 mirifice
1633 1751 1932 1791 nonnumquam
1949 1736 2086 1778 doctos
2102 1737 2247 1776 irretiri

273 1820 311 1851 et
341 1827 364 1851 a
392 1825 486 1851 vero
516 1810 672 1850 abduci.
716 1810 874 1849 Interea
903 1809 950 1848 de
970 1809 1137 1849 Minucii
1166 1810 1254 1849 loco
1286 1810 1347 1849 cui
1373 1810 1447 1849 hoc
1468 1816 1586 1863 caput
1606 1810 1824 1850 dicavimus
1846 1810 2031 1849 desinant
2052 1809 2243 1849 dubitare.

468 1895 520 1922 VI.
567 1880 681 1929 Quae
711 1882 758 1920 de
788 1881 973 1920 incendio
1003 1882 1139 1920 mundi
1170 1890 1421 1934 exponuntur
1451 1897 1482 1921 c.
1506 1884 1570 1933 34,
1596 1885 1615 1922 1

601 1954 774 1995 Ceterum
802 1955 849 1994 de
877 1955 1055 1994 incendio
1085 1956 1224 1995 mundi
1256 1963 1325 1995 aut
1356 1957 1613 2008 improvisum
1648 1958 1776 2008 iynem
1805 1956 1941 1995 cadere
1969 1963 2039 1994 aut
2071 1954 2241 2006 difficile,

597 2040 676 2067 non
701 2027 854 2066 credere
872 2026 1047 2079 vulgaris
1068 2028 1213 2067 erroris
1232 2034 1297 2067 est.
1335 2026 1435 2077 Quis
1460 2029 1561 2068 enim
1580 2029 1817 2081 sapientium
1836 2027 2000 2078 dubitat,
2023 2028 2110 2080 quis
2128 2028 2240 2079 iquo-

597 2108 673 2148 rat,
706 2101 836 2138 omnia
866 2113 966 2151 quae
985 2108 1072 2138 orta
1091 2108 1181 2139 suut
1198 2101 1382 2149 occidere,
1415 2101 1642 2152 quaefacta
1661 2109 1752 2140 sunt
1768 2101 1951 2140 interire?
1979 2100 2125 2138 caelum
2145 2113 2239 2151 quo-

597 2186 671 2225 que
699 2186 785 2211 cum
815 2172 991 2211 omuibus
1021 2186 1120 2224 quae
1149 2172 1253 2212 caelo
1283 2174 1545 2223 continentur,
1576 2175 1633 2213 ita
1661 2181 1705 2213 ut
1732 2175 1869 2226 coepit,
1905 2174 1941 2212 si
1967 2173 2124 2212 desim-it
2139 2171 2239 2223 fon-

516 2254 537 2285 5
594 2246 691 2283 tium
719 2243 844 2282 dulcis
874 2257 979 2297 aqua
1008 2245 1137 2283 maria
1166 2246 1325 2292 nutrire,
1357 2246 1399 2283 iu
1427 2247 1506 2283 vim
1535 2247 1639 2298 iqnis
1664 2244 1860 2284 abiturum
1891 2244 2032 2283 Stoicis
2059 2251 2239 2282 constans

596 2318 729 2369 opinio
742 2323 807 2364 est,
825 2317 931 2368 quod
945 2324 1170 2369 consumpto
1186 2317 1345 2356 humore
1364 2319 1531 2356 mundus
1546 2317 1609 2356 hic
1629 2319 1753 2356 omnis
1776 2318 1957 2368 iqnescat,
1980 2323 2016 2354 et
2029 2315 2239 2367 Epicureis

594 2390 641 2427 de
670 2388 939 2427 elementorum
968 2390 1272 2441 conflayratione
1301 2396 1337 2427 et
1364 2390 1503 2427 mundi
1529 2391 1647 2427 ruina
1675 2390 1805 2427 eadem
1837 2390 1925 2440 ipsa
1960 2389 2150 2426 sententia
2184 2397 2241 2427 est

264 2476 311 2501 ea
343 2462 400 2501 ita
433 2460 766 2515 quemadmodum
806 2475 926 2514 supra
965 2461 1197 2514 scripsimus
1238 2460 1423 2502 Halmius
1466 2461 1513 2501 de
1553 2461 1736 2514 opinione
1778 2459 1985 2500 Dombarti
2029 2461 2238 2501 constituit

263 2533 508 2587 eandemque
544 2534 897 2574 conformationem
927 2534 1215 2574 recentissimis
1245 2533 1464 2574 editoribus
1494 2533 1688 2586 probavit.
1738 2531 1851 2582 Quae
1882 2533 1999 2573 nobis
2028 2533 2110 2572 iam
2139 2533 2234 2573 olim

262 2605 515 2645 incredibilia
545 2606 631 2646 visa
661 2612 770 2657 sunt,
806 2620 935 2658 neque
968 2620 1155 2659 umquam
1184 2605 1341 2646 dedocti
1372 2620 1520 2646 sumus.
1569 2605 1658 2645 Non
1688 2604 1889 2656 loquimur
1918 2605 1967 2645 de
1996 2606 2085 2659 ipso
2106 2607 2232 2657 initio,

458 2741 491 2781 *>
516 2742 652 2773 Halmio
677 2742 782 2774 verba
805 2742 856 2773 vel
876 2742 1063 2773 inhumanas
1086 2746 1246 2783 suspecta
1271 2746 1373 2774 erant
1396 2742 1437 2773 de
1461 2741 1683 2781 glossemate,
1707 2751 1818 2782 neque
1847 2742 2090 2783 improbarunt
2118 2747 2232 2783 poste-

258 2799 379 2833 riores.
411 2800 583 2834 Videntur
598 2802 710 2835 lusum
726 2812 794 2834 non
809 2801 1040 2843 perspexisse:
1061 2802 1213 2835 humanas
1228 2802 1341 2834 hostias
1357 2800 1473 2834 Livius
1490 2799 1575 2833 dixit
1591 2800 1664 2833 loco
1683 2811 1788 2844 supra
1805 2802 1924 2839 allato.
1942 2802 2026 2836 item
2043 2802 2231 2836 Sallustius

257 2858 292 2893 in
317 2868 365 2893 or.
384 2859 500 2903 Lepid.
520 2860 561 2894 14
583 2862 678 2895 simul
699 2862 850 2896 humanas
872 2862 987 2896 hostias
1010 2862 1148 2902 vidistis;
1170 2862 1338 2895 hnmanae
1361 2864 1478 2894 autem
1494 2860 1630 2895 hostiae
1648 2861 1703 2896 vel
1718 2861 1881 2897 victimae
1898 2862 2060 2897 dicuntur
2075 2862 2230 2897 homines

257 2919 316 2962 qui
337 2929 400 2961 pro
424 2920 549 2952 hostiis
574 2923 627 2954 vel
651 2922 801 2955 victimis
828 2927 1039 2955 mactantur.
1083 2923 1151 2955 Sed
1174 2923 1253 2964 qnia
1278 2923 1426 2954 humana
1451 2921 1613 2954 dicuntur
1637 2922 1742 2955 etiam
1767 2933 1855 2965 quae
1879 2924 2053 2956 hominnm
2076 2925 2229 2957 moribus

258 2981 363 3023 digna
394 2985 484 3021 sunt,
515 2981 580 3014 hae
609 2982 839 3024 ambiguitate
868 2983 1014 3017 nominis
1043 2984 1164 3016 ludens
1194 2983 1279 3015 dicit
1307 2983 1458 3015 humanas
1486 2984 1536 3016 vel
1561 2983 1749 3017 inhumanas
1776 2986 1935 3026 victimas,
1964 2985 1995 3017 h.
2014 2995 2043 3018 e.
2060 2985 2228 3018 humanas

256 3040 422 3083 victimas,
446 3050 533 3083 quae
557 3040 693 3085 proprie
717 3046 896 3086 vocantur,
921 3043 982 3078 sed
1006 3053 1094 3086 quae
1117 3042 1245 3077 rectius
1268 3041 1475 3077 inhumanae
1499 3048 1721 3078 vocarentur.

1899 3113 1919 3144 3
