2552 3470
1236 107 1288 146 19

270 232 355 256 cum
385 217 544 255 humore
573 224 798 268 consumpto
831 230 954 268 neque
982 224 1088 254 terra
1115 217 1175 254 ali
1197 221 1331 268 posset
1364 230 1487 268 neque
1518 224 1720 255 remea-ret·
1736 230 1822 266 aer,
1859 218 1969 254 cuius
2004 223 2111 254 ortus
2144 228 2251 266 aqua

271 290 378 327 omni
405 288 592 327 exhausta
620 300 701 326 esse
728 300 807 326 non
835 294 979 339 potest:
1007 288 1066 326 ita
1093 287 1267 339 relinqui
1291 287 1394 326 nihil
1405 294 1568 339 praeter
1586 288 1715 338 iqnem
1735 301 1816 339 eqs.
1863 284 1943 326 Sed
1965 285 2120 325 accedit
2138 285 2249 324 locus

271 359 372 399 alter
400 373 448 398 ex
478 358 581 398 libro
611 359 728 398 tertio
760 359 822 410 14,
846 359 896 398 37
931 358 997 399 ubi
1026 358 1125 398 haec
1153 359 1354 410 leguntur:
1390 372 1470 398 non
1498 359 1638 398 iisdem
1666 358 1773 398 vobis
1801 359 1928 411 placet
1953 372 2103 398 omnem
2120 359 2250 411 iqnem

268 438 406 485 pastus
439 431 615 483 indiqere
646 444 716 469 nec
746 444 976 482 permanere
1008 430 1088 469 ullo
1123 431 1236 470 modo
1268 444 1382 482 posse
1413 432 1496 469 nisi
1531 431 1687 470 alatur?
1729 431 1787 469 ali
1813 438 1941 470 autem
1969 430 2089 469 solem
2117 430 2251 468 lunam

269 503 423 555 reliqua
458 509 567 541 astra
596 504 724 554 aquis,
754 502 837 541 alia
871 501 1061 550 dulcibus,
1099 502 1182 541 alia
1215 503 1405 542 marinis?
1447 500 1626 551 Quorum
1657 501 1795 542 itidem
1822 501 2026 542 Minucius
2056 516 2145 541 cum
2182 501 2252 540 illa

272 575 464 613 scriberet
483 574 714 613 recordatus
734 574 903 613 videtur.
943 573 1060 613 Unde
1084 574 1321 625 intelligitur
1346 574 1450 627 apud
1470 574 1693 614 Minucium
1718 589 1797 613 non
1824 574 1864 613 id
1892 574 1971 613 dici
1992 573 2098 627 quod
2123 573 2250 612 videri

272 652 437 699 poterat,
469 646 619 685 dulcem
645 659 794 698 *aquam
821 647 951 685 maria
980 646 1148 696 nutrire,
1180 645 1250 685 sed
1279 645 1378 685 haec
1407 646 1484 686 duo
1514 646 1638 685 dulcis
1666 660 1771 698 aqua
1802 652 1841 685 et
1875 648 2002 685 maria
2038 645 2123 699 pari
2158 645 2251 695 iugo

272 731 453 757 connexa
481 718 616 757 nescio
652 718 747 770 quid
782 717 907 769 aliud,
949 724 1058 757 astra
1091 718 1293 769 videlicet,
1338 719 1487 757 nutrire
1524 718 1775 768 dicebantur,
1812 717 1963 770 fuitque
1998 717 2167 756 fortasse
2203 716 2251 755 de

272 796 463 844 perpetua
489 789 659 830 Minucii
688 789 973 830 consuetudine
1002 790 1059 830 ita
1094 791 1302 843 scriptum:
1323 791 1502 843 fontium
1537 791 1663 830 duleis
1697 804 1804 843 aqua
1840 786 1895 842 [et
1927 786 2044 843 aqua]
2081 791 2250 829 marina.

273 861 352 902 Sed
386 861 462 901 hoc
496 866 584 900 utut
618 867 695 912 est,
738 861 860 901 totius
896 860 1056 915 quidem
1091 861 1168 901 loci
1204 862 1398 902 rationem
1436 861 1614 902 videmur
1648 861 1765 902 nobis
1801 867 1908 901 recte
1944 860 2176 915 patefecisse
2212 866 2252 900 et

273 941 453 974 auctores
483 948 632 984 sumus,
663 934 762 973 haec
791 940 834 972 ut
863 935 904 973 in
934 940 1136 986 posterum
1164 935 1222 973 ita
1250 934 1428 973 edantur.

608 1009 704 1053 Quis
723 1009 825 1045 enim
843 1009 1078 1058 sapientium
1097 1007 1262 1055 dubitat,
1285 1010 1373 1058 quis
1393 1010 1562 1058 iynorat,
1585 1010 1717 1046 omnia
1733 1021 1832 1058 quae
1853 1015 1939 1044 orta
1957 1015 2049 1044 sunt
2068 1007 2250 1050 occ-idere,

603 1091 703 1131 quae
719 1077 837 1130 facta
866 1085 957 1118 sunt
982 1079 1156 1129 interire,
1188 1078 1337 1119 caelum
1367 1092 1519 1132 quoque
1547 1093 1633 1118 cum
1664 1078 1840 1118 omnibus
1870 1092 1970 1131 quae
1998 1077 2102 1117 caelo
2133 1078 2251 1117 conti-

602 1157 743 1190 nentur
760 1151 818 1191 ita
837 1157 879 1190 ut
898 1151 1068 1204 coepisse
1086 1151 1271 1191 desinere.
1299 1166 1318 1187 t
1330 1165 1379 1187 t*
1397 1150 1576 1203 fontium
1605 1150 1732 1191 dulcis
1751 1164 1857 1204 aqua
1877 1151 2006 1190 maria
2025 1150 2188 1199 nutrire,
2209 1150 2253 1189 in

601 1223 680 1261 vim
698 1223 803 1275 iynis
829 1221 1041 1273 abiturum,
1073 1221 1218 1263 Stoicis
1247 1229 1428 1263 constans
1458 1223 1593 1277 opinio
1623 1229 1689 1273 est,
1721 1222 1829 1276 quod
1847 1229 2074 1275 consumpto
2094 1221 2253 1262 humore

602 1296 771 1333 mundus
798 1295 861 1333 hic
889 1297 1015 1334 omnis
1042 1297 1225 1347 iqnescat.

470 1377 540 1404 vn.
585 1366 732 1403 Adhuc
760 1366 981 1404 Minuciani
1014 1366 1140 1404 libelli
1177 1366 1357 1404 ordinem
1393 1366 1518 1404 secuti
1555 1379 1708 1404 sumus:
1747 1378 1853 1404 nunc
1887 1371 2044 1419 praeter
2072 1364 2252 1403 ordinem

275 1438 323 1478 de
353 1439 483 1491 capite
512 1439 615 1477 asini
646 1438 898 1488 disseremus,
932 1440 1043 1478 cuius
1073 1440 1222 1478 mentio
1250 1441 1297 1478 fit
1327 1453 1359 1477 c.
1381 1440 1419 1488 9,
1438 1440 1474 1488 3,
1507 1440 1574 1478 ubi
1603 1439 1702 1477 haec
1732 1439 1850 1489 vulgo
1880 1439 2077 1489 leguntur.

603 1509 687 1550 Nec
706 1511 754 1550 de
770 1512 884 1562 ipsis,
915 1513 995 1550 nisi
1022 1510 1243 1550 subsisteret
1260 1513 1420 1557 veritas,
1448 1512 1617 1549 maxime
1635 1511 1792 1561 nefaria
1812 1518 1847 1549 et
1865 1510 2010 1549 honore
2027 1510 2253 1561 praefanda

603 1597 729 1635 sayax
742 1582 862 1634 fama
889 1583 1121 1636 loqueretur.
1161 1582 1295 1623 Audio
1325 1597 1387 1623 eos
1417 1584 1667 1635 turpissimae
1681 1583 1846 1635 pecudis
1865 1590 1985 1634 caput
2006 1578 2138 1633 [asini]
2160 1596 2250 1621 con-

603 1662 795 1695 secratum
822 1656 956 1709 inepta
983 1656 1111 1695 nescio
1142 1668 1223 1708 qua
1252 1656 1511 1709 persuasione
1545 1656 1742 1694 venerari:
1778 1655 1901 1707 diqna
1929 1662 1965 1694 et
1991 1661 2088 1694 nata
2116 1654 2251 1707 reliqio

604 1726 746 1765 tah'bus
774 1727 960 1766 moribus.

275 1797 388 1847 Quae
417 1798 541 1837 verba
569 1796 678 1847 (nam
700 1798 748 1837 de
768 1812 810 1837 re
830 1800 965 1837 omnia
993 1804 1088 1838 nota
1117 1805 1210 1837 sunt
1238 1813 1367 1852 neque
1397 1806 1534 1838 nostra
1562 1813 1683 1852 opera
1712 1795 1977 1848 desideratur)
2006 1798 2104 1837 haec
2132 1798 2252 1850 igitur

275 1870 397 1908 verba
416 1870 521 1922 quod
541 1883 621 1908 non
643 1883 713 1909 suo
733 1871 820 1909 loco
840 1871 1113 1919 tractavimus,
1143 1871 1273 1910 timidi
1304 1885 1440 1910 sumus
1471 1879 1511 1910 et
1540 1884 1628 1910 cum
1658 1871 1700 1910 in
1727 1884 1846 1910 unam
1866 1884 2004 1910 omnes
2025 1870 2248 1923 opinionem

273 1956 386 1981 ruere
417 1942 638 1992 videamus,
677 1943 711 1981 si
741 1943 791 1981 iis
821 1956 922 1995 quae
953 1943 1071 1995 vulgo
1106 1944 1323 1995 probantur
1357 1942 1542 1982 assentiri
1579 1957 1659 1981 non
1691 1955 1919 1994 possumus,
1959 1942 2091 1995 palam
2120 1948 2250 1980 tamen

274 2014 427 2053 cunctis
448 2027 669 2066 repugnare
690 2014 931 2053 verecundia
949 2014 1185 2067 prohibente
1206 2028 1285 2053 non
1306 2013 1510 2053 audemus.
1555 2013 1696 2066 Itaque
1724 2013 1991 2053 cunctabundi
2012 2014 2114 2053 hanc
2134 2027 2251 2065 quae·

274 2085 445 2125 stionem
466 2086 662 2125 asininam
683 2085 902 2126 identidem
922 2086 1144 2137 reiecimus,
1173 2092 1213 2126 et
1232 2086 1462 2139 praestabat
1481 2085 1649 2125 fortasse
1670 2100 1755 2125 eam
1778 2086 1938 2125 omnino
1960 2099 2037 2125 non
2059 2085 2249 2136 tetigisse.

275 2155 355 2196 Sed
377 2157 546 2211 denique
567 2171 630 2196 res
651 2158 826 2196 animum
856 2158 1035 2211 pupugit,
1068 2164 1110 2197 ut
1139 2164 1279 2197 contra
1306 2171 1387 2197 non
1417 2157 1610 2197 audenter
1635 2157 1705 2197 sed
1731 2157 1908 2198 modeste
1928 2157 1984 2196 ire
2005 2170 2250 2207 conaremur,

275 2231 307 2267 si
329 2230 424 2281 quid
445 2230 546 2267 forte
567 2230 832 2268 vinceremus:
867 2244 1003 2268 verum
1033 2231 1067 2268 si
1096 2231 1177 2268 iam
1206 2230 1247 2267 id
1277 2229 1383 2281 quod
1413 2229 1595 2268 volumus
1625 2243 1706 2267 non
1732 2229 1990 2280 assequimur,
2023 2229 2098 2266 erit
2117 2234 2251 2266 tamen

273 2300 442 2340 fortasse
472 2301 540 2353 qui
570 2300 674 2340 hanc
701 2315 781 2339 non
809 2301 957 2340 frustra
985 2315 1010 2340 a
1038 2302 1154 2340 nobis
1185 2306 1384 2353 sumptam
1414 2314 1575 2353 operam
1604 2301 1785 2339 fateatur.

472 2373 612 2425 Itaque
648 2372 737 2425 quis
766 2387 846 2412 non
876 2373 1092 2412 affirmavit
1119 2380 1209 2426 post
1239 2372 1449 2412 Davisium
1478 2374 1584 2411 asini
1616 2372 1683 2411 illo
1718 2372 1803 2410 loco
1832 2385 1909 2410 non
1942 2371 2136 2423 scriptum
2165 2385 2254 2410 esse

275 2459 299 2482 a
317 2444 495 2483 Minucio
516 2444 586 2483 sed
607 2445 658 2484 ab
678 2445 961 2497 interpolatore
980 2446 1191 2495 adiectum,
1214 2446 1283 2497 qui
1303 2460 1391 2484 eam
1412 2459 1548 2484 vocem
1569 2459 1617 2483 ex
1638 2444 1795 2483 Octavii
1820 2457 2014 2494 responso
2040 2445 2256 2495 sumpserit

275 2512 325 2564 (e.
349 2514 413 2565 28,
434 2513 475 2565 7)
504 2515 561 2555 ita
590 2515 682 2555 huic
712 2516 891 2556 convicio
921 2517 1164 2556 occurrentis
1198 2518 1290 2556 inde
1319 2525 1374 2556 est
1402 2518 1507 2569 quod
1535 2517 1672 2554 audire
1700 2522 1734 2553 te
1762 2515 1862 2553 dicis
1892 2523 2012 2567 caput
2040 2517 2149 2554 asini
2174 2529 2256 2554 rem

274 2588 385 2624 nobis
414 2601 493 2626 esse
522 2588 709 2627 divinam.
754 2587 935 2641 Eamque
965 2588 1193 2641 opinionem
1222 2594 1482 2641 posteaquam
1508 2587 1690 2626 Halmius
1721 2600 1878 2638 quoque
1908 2587 2105 2639 probavit,
2137 2601 2254 2626 nemo

276 2665 337 2697 est
356 2659 621 2710 posteriorum
641 2659 837 2700 editorum
858 2660 927 2712 qui
947 2675 1025 2700 non
1047 2661 1154 2700 asini
1171 2674 1316 2700 nomen
1341 2659 1538 2699 notaverit
1565 2666 1607 2697 ut
1631 2658 1827 2710 spurium:
1859 2659 1978 2698 eiecit
1997 2660 2103 2698 enim
2124 2674 2253 2710 nemo,

275 2741 321 2766 ac
343 2729 528 2768 videntur
548 2744 674 2782 paene
695 2731 826 2783 specie
848 2731 938 2770 duc-i
969 2739 1012 2770 ut
1041 2745 1160 2784 quam
1188 2745 1326 2771 vocem
1357 2730 1528 2769 deletum
1558 2730 1716 2768 iverunt
1741 2743 1831 2769 eam
1849 2736 1984 2769 tamen
2005 2731 2062 2770 ita
2082 2731 2256 2770 habeant

275 2799 391 2851 quasi
410 2799 580 2841 adesset.
630 2800 765 2851 Quare
794 2817 844 2842 ne
873 2817 946 2842 nos
976 2802 1168 2856 impediat
1195 2817 1241 2843 ac
1270 2802 1382 2841 ludat
1411 2801 1657 2851 vocabulum,
1696 2802 1801 2853 quod
1832 2803 1974 2843 abesse
2000 2803 2150 2851 volunt,
2182 2817 2255 2854 age

276 2869 571 2911 consideremus
592 2887 639 2912 ea
659 2887 760 2925 quae
784 2880 948 2924 restant,
978 2874 1047 2913 illo
1071 2881 1112 2913 ut
1140 2874 1348 2926 oportebat
1375 2873 1539 2912 reiecto:
1571 2873 1692 2912 audio
1722 2888 1786 2913 eos
1815 2876 2067 2926 turpissimae
2090 2875 2256 2928 pecudis

276 2949 395 2997 caput
411 2951 676 2984 consecratum
694 2947 828 2998 inepta
845 2947 975 2987 nescio
996 2960 1075 2999 qua
1089 2947 1345 2999 persuasione
1362 2947 1553 2985 venerari.
1598 2943 1827 2995 Quamnam
1847 2947 1968 2998 igitur
1987 2948 2257 2999 turpissimam

274 3015 459 3071 pecudem
488 3015 585 3056 dicit
614 3013 842 3058 Caecilius?
877 3018 915 3058 in
948 3032 1070 3058 unum
1100 3017 1206 3058 enim
1235 3016 1391 3058 asinum
1422 3016 1498 3058 hoc
1528 3017 1681 3070 cadere,
1713 3025 1756 3059 ut
1785 3033 1875 3059 cum
1905 3020 2112 3072 tupissima
2137 3034 2256 3072 pecus

1949 3091 1992 3125 3*
