2552 3470
1266 159 1290 199 '1

282 273 359 312 fuit
387 274 456 325 qui
484 287 564 312 non
596 270 894 323 comprehendes
923 270 992 309 sed
1022 270 1282 324 deprehendes
1304 271 1514 325 scripsisse
1532 271 1755 313 Minucium
1775 273 2015 327 opinaretur,
2044 273 2269 314 coniectura

283 360 362 384 non
393 346 530 397 inepta
557 349 619 383 est
647 342 718 382 sed
748 357 827 381 non
857 344 1097 382 necessaria.

479 414 673 457 Redimus
702 414 810 467 illuc,
843 414 947 456 unde
977 414 1229 456 defleximus:
1260 417 1301 456 in
1333 417 1461 469 capite
1482 417 1588 456 enim
1609 418 1673 468 20,
1706 419 1816 458 cuius
1836 418 2005 469 primam
2027 418 2264 457 sententiam

282 491 493 531 emendare
533 488 666 529 conati
704 502 860 538 sumus,
903 502 1004 542 quae
1047 488 1237 542 deinceps
1279 495 1546 542 exponuntur,
1593 504 1640 530 ea
1678 490 1979 531 difficultatibus
2025 489 2265 542 quibusdam

280 563 529 616 gravioribus
566 561 767 611 laborant,
802 561 949 613 partim
984 560 1133 600 codicis
1170 560 1267 600 vitio
1304 561 1421 612 ortis,
1465 561 1555 601 aliis
1592 562 1818 601 criticorum
1859 575 1981 614 opera
2013 561 2156 614 partis,
2196 561 2264 613 qui

281 633 562 689 disputationis
591 632 668 672 iter
695 646 836 686 parum
858 632 1070 685 diligenter
1099 632 1351 673 attendentes
1373 632 1528 687 decepti
1555 633 1751 685 videntur,
1784 640 1826 674 ut
1853 634 1973 674 etiam
1999 648 2100 687 quae
2128 641 2266 687 aperta

281 713 393 748 erant
421 706 524 746 ultro
555 705 827 745 obscurarent.
872 703 986 754 Quae
1015 706 1188 757 primum
1208 706 1312 745 infra
1331 706 1516 758 ponimus
1547 707 1605 745 sic
1626 707 1682 745 uti
1714 706 1926 746 scribenda
1953 720 2042 746 esse
2068 705 2262 745 ducimus.

610 777 762 827 Quodsi
790 777 1041 830 providentia
1074 777 1243 817 mundus
1277 779 1427 831 regitur
1461 786 1495 818 et
1528 779 1646 818 unius
1679 779 1745 818 dei
1770 786 1868 818 nutu
1899 777 2152 830 qubernatur,
2182 792 2262 818 non

607 864 678 890 nos
708 850 817 909 debet
843 851 1060 902 antiquitas
1088 851 1361 903 imperitorum
1378 850 1544 902 fabellis
1573 853 1654 890 suis
1683 851 1869 890 delectata
1899 850 1959 889 vel
1984 858 2099 903 capta
2128 851 2183 890 ad
2201 864 2261 889 er-

607 935 735 961 rorem
774 923 903 961 mutui
939 935 1082 974 rapere
1122 935 1347 972 consensus,
1391 936 1477 961 cum
1506 923 1833 975 pbilosophorum
1871 936 2032 962 suorum
2065 924 2262 962 sententiis

608 992 821 1044 refellatur,
853 992 994 1045 quibus
1022 1000 1058 1032 et
1085 994 1253 1033 rationis
1273 1000 1309 1033 et
1325 995 1524 1033 vetustatis
1544 994 1701 1033 adsistit
1718 995 1943 1033 auctoritas.
1979 997 2016 1033 3.
2039 994 2261 1034 Maioribus

528 1073 550 1106 5
606 1066 708 1104 enim
741 1067 887 1105 nostris
920 1072 1001 1104 tam
1022 1065 1167 1117 facilis
1201 1068 1245 1105 in
1277 1067 1490 1105 mendaciis
1520 1067 1623 1118 fides
1646 1066 1753 1118 fuit,
1789 1074 1833 1106 ut
1859 1074 1996 1106 temere
2025 1067 2261 1107 crediderint

605 1138 720 1177 etiam
740 1137 822 1177 alia
853 1144 1110 1189 monstruosa,
1141 1152 1249 1178 mera
1277 1138 1483 1190 miracula,
1516 1137 1693 1191 Scyllam
1717 1139 1984 1192 multiplicem,
2016 1138 2260 1180 Chimeram

604 1210 900 1263 multiformem,
938 1218 973 1251 et
1006 1210 1191 1263 Hydram
1212 1210 1403 1263 felicibus
1436 1211 1661 1251 vulneribus
1695 1219 1955 1252 renascentem
1983 1220 2020 1252 et
2046 1211 2259 1252 Centauros

604 1297 722 1337 equos
741 1285 824 1323 suis
843 1282 1064 1323 hominibus
1092 1284 1298 1337 implexos,
1330 1291 1366 1323 et
1394 1285 1583 1336 quicquid
1599 1284 1742 1336 famae
1772 1284 1859 1324 licet
1875 1284 2043 1337 finqere,
2073 1284 2155 1324 illis
2175 1293 2259 1324 erat

605 1356 767 1396 libenter
794 1357 954 1404 audire,·
990 1361 1028 1396 4.
1060 1357 1158 1409 quid
1185 1356 1276 1395 illas
1306 1356 1429 1395 aniles
1446 1355 1629 1407 fabulas,
1661 1357 1708 1395 de
1736 1356 1957 1395 hominibus
1986 1370 2076 1395 aves
2097 1356 2257 1408 etseras

511 1437 553 1469 10
608 1429 847 1469 „homines
882 1438 917 1468 et
944 1429 992 1468 de
1020 1427 1240 1468 hominibus
1269 1429 1427 1467 arbores
1456 1436 1572 1481 atque
1588 1429 1737 1479 flores?
1766 1442 1866 1480 quae
1903 1430 1941 1467 si
1977 1437 2100 1467 essent
2124 1429 2255 1480 facta,

607 1500 770 1551 fierent,·
791 1502 886 1554 quia
895 1501 992 1552 fieri
1007 1514 1088 1540 non
1100 1507 1276 1553 possunt,
1297 1500 1385 1540 ideo
1407 1498 1497 1550 [nec
1517 1496 1631 1552 fiunt]
1653 1514 1723 1540 nec
1730 1500 1851 1552 sacta
1870 1509 1970 1541 sunt.
2002 1506 2038 1541 5.
2064 1499 2257 1541 Similiter

603 1580 832 1612 erraverunt
849 1586 943 1625 erqa
971 1573 1062 1611 deos
1092 1584 1245 1624 quoque
1264 1572 1431 1611 maiores
1460 1572 1601 1611 nostri:
1630 1572 1851 1625 improvide
1871 1572 2022 1612 creduli
2043 1573 2140 1612 rudi
2163 1574 2255 1612 sim-

596 1645 778 1698 plicitate
807 1646 1074 1691 credide-unt,-
1104 1645 1197 1683 dum
1224 1659 1333 1696 reyes
1361 1659 1451 1683 suos
1473 1645 1604 1683 colunt
1626 1643 1820 1696 reliqiose,
1852 1645 1945 1682 dum
1965 1644 2166 1695 defunctos
2191 1657 2254 1683 eos

602 1717 826 1758 desiderant
843 1718 886 1757 in
904 1715 1144 1770 imaqinibus
1162 1718 1307 1767 videre,
1338 1717 1431 1757 dum
1453 1718 1629 1769 qestiunt
1656 1731 1789 1756 eorum
1812 1717 2020 1756 memorias
2047 1718 2092 1756 in
2115 1718 2253 1756 statuis

506 1798 546 1831 15
602 1790 783 1840 detinere,
814 1802 929 1828 sacra
946 1788 1067 1840 facta
1094 1796 1185 1828 sunt
1212 1802 1313 1843 quae
1329 1789 1499 1842 fuerant
1529 1789 1738 1843 adsumpta
1766 1788 1925 1829 solacia.

270 1861 409 1913 Itaque
440 1862 711 1901 demonstrata
741 1861 1067 1914 philosophorum
1097 1874 1185 1900 cum
1216 1861 1445 1900 christianis
1476 1861 1524 1900 de
1555 1861 1628 1900 deo
1660 1861 1953 1914 conspiratione
1973 1859 2167 1901 Octavius
2195 1861 2252 1900 sic

270 1933 498 1973 ratiocinari
539 1934 685 1986 pergit,
728 1948 807 1973 non
849 1948 936 1973 esse
971 1933 1076 1985 quod
1116 1934 1344 1985 antiquitati
1388 1948 1489 1984 quae
1526 1933 1683 1971 fabellis
1721 1934 1803 1971 suis
1838 1933 2056 1971 delectetur
2097 1940 2250 1971 tantum

270 2004 475 2056 tribuatur,
508 2005 545 2045 ei
574 2011 618 2045 ut
646 2005 916 2045 assentiantur
945 2019 1094 2056 omnes,
1126 2005 1271 2058 quippe
1301 2018 1402 2057 quae
1432 2004 1520 2057 ipsa
1549 2003 1877 2056 philosophorum
1897 2018 2059 2044 suorum
2081 2004 2250 2043 decretis

269 2076 482 2128 refellatur,
520 2091 609 2117 cum
646 2078 879 2131 praesertim
915 2076 1086 2117 maiores
1120 2091 1201 2117 non
1238 2076 1365 2117 solum
1401 2077 1443 2116 in
1479 2076 1639 2116 deorum
1677 2076 1785 2116 cultu
1820 2076 1890 2116 sed
1927 2076 2047 2116 etiam
2082 2076 2129 2116 in
2159 2076 2248 2116 aliis

267 2149 386 2188 rebus
415 2150 551 2190 multis
581 2151 723 2190 miram
753 2150 954 2202 quandam
984 2149 1257 2189 credulitatem
1289 2150 1558 2201 probaverint.
1612 2149 1812 2188 Nimirum
1841 2149 1940 2188 haec
1965 2147 2158 2188 Octavius
2189 2163 2247 2187 re·

269 2219 437 2272 spondet
465 2221 515 2261 ad
546 2236 593 2262 ea
622 2236 722 2275 quae
753 2219 954 2262 Caecilius
985 2221 1140 2262 dixerat
1167 2219 1222 2273 (6,
1248 2218 1288 2272 1)
1323 2229 1467 2275 quanto
1503 2220 1763 2261 venerabilius
1792 2235 1840 2261 ac
1872 2220 2009 2261 melius
2037 2222 2247 2260 antistitem

267 2293 440 2331 veritatis
474 2295 671 2333 maiorum
705 2295 881 2348 excipere
915 2294 1181 2348 disciplinam,
1216 2294 1425 2347 reliqiones
1461 2294 1629 2334 traditas
1659 2293 1779 2333 colere
1800 2324 1808 2333 .
1831 2325 1839 2333 .
1860 2291 2061 2346 prioribus
2090 2293 2247 2332 credere

269 2377 351 2415 eqs.
401 2363 556 2412 Quodsi
593 2372 700 2405 recte
738 2367 897 2405 illarum
935 2367 1223 2405 sententiarum
1260 2365 1554 2405 cohaerentiam
1590 2365 1869 2415 evolverimus,
1910 2364 2163 2417 perspicuum
2200 2365 2247 2403 fit

268 2435 337 2474 illa
366 2449 466 2488 quae
496 2437 644 2477 tradita
673 2444 766 2478 sunt
795 2439 836 2477 in
866 2438 1003 2477 codice
1032 2435 1087 2489 (4.
1110 2435 1153 2488 5)
1181 2437 1398 2477 maioribus
1426 2439 1527 2477 enim
1546 2439 1689 2476 nostris
1709 2444 1789 2475 tam
1805 2436 1950 2486 facilis
1968 2437 2013 2475 in
2031 2437 2246 2475 mendaciis

257 2507 363 2562 fides
380 2507 470 2559 suit
497 2515 541 2549 ut
568 2516 704 2549 temere
733 2509 969 2549 crediderint
996 2509 1112 2549 etiam
1140 2508 1222 2549 alia
1250 2515 1506 2559 monstruosa,
1537 2509 1640 2547 mira
1668 2506 1862 2547 miracula
1890 2521 1971 2547 non
1992 2507 2048 2547 ita
2068 2514 2112 2547 ut
2131 2522 2245 2560 opor-

267 2579 377 2618 tebat
410 2581 573 2620 tractari
603 2596 626 2620 a
657 2581 796 2621 doctis.
853 2580 901 2621 In
937 2580 1083 2634 quibus
1113 2580 1212 2620 illud
1242 2581 1402 2634 quidem
1433 2580 1526 2620 olim
1557 2579 1752 2620 Oehlerus
1782 2579 1994 2631 intellexit,
2031 2594 2111 2620 non
2141 2582 2245 2620 mira

268 2650 338 2690 sed
367 2665 475 2691 mera
502 2654 697 2693 miracula
726 2652 982 2693 scribendum
1010 2653 1152 2692 fuisse:
1183 2653 1243 2691 sic
1272 2650 1425 2691 Gellius
1454 2652 1609 2690 locutus
1641 2657 1702 2690 est
1736 2649 1819 2702 (14,
1848 2652 1886 2702 6,
1915 2649 1958 2703 3)
1988 2659 2030 2691 at
2058 2665 2159 2705 quae
2185 2652 2245 2692 ibi

265 2724 414 2777 scripta
442 2732 563 2774 erant,
593 2739 668 2778 pro
699 2725 894 2779 Iuppiter,
925 2738 1032 2765 mera
1059 2725 1273 2772 miracula,·
1303 2722 1444 2765 Cicero
1469 2722 1628 2776 quidem
1649 2721 1715 2773 (ad
1738 2725 1824 2764 Att.
1841 2725 1880 2773 4,
1900 2726 1936 2774 7,
1958 2721 1998 2775 1)
2017 2739 2126 2764 mera
2144 2726 2244 2765 mihi

264 2801 439 2834 monstra
463 2798 678 2836 nuntiarat.
725 2795 805 2837 Sed
826 2796 1024 2848 Halmius,
1056 2796 1123 2849 qui
1144 2795 1306 2836 Oehleri
1336 2796 1541 2835 inventum
1571 2808 1621 2834 ne
1650 2796 1889 2837 memoravit
1907 2796 2079 2850 quidem,
2103 2796 2244 2838 maluit

266 2867 315 2907 de
330 2866 500 2906 Vonckii
522 2869 709 2920 opinione
730 2869 846 2908 edere
866 2878 1002 2908 temere
1022 2869 1258 2907 crediderint
1276 2870 1391 2907 etiam
1410 2868 1508 2907 talia
1526 2876 1774 2907 monstruosa
1792 2870 2000 2918 miracula,
2021 2869 2241 2923 iisdemque

264 2938 445 2990 vestigiis
479 2939 712 2981 insistentes
745 2941 1023 2992 recentissimi,
1062 2939 1367 2981 Cornelissenus
1402 2939 1768 2993 Baehrensiusque,
1805 2941 1904 2980 haec
1941 2949 2078 2981 temere
2113 2928 2239 2981 credi-

264 3012 392 3052 derint
420 3011 536 3051 etiam
564 3008 667 3063 (sive
696 3010 747 3064 et)
776 3013 970 3054 animalia
997 3019 1253 3059 monstruosa,
1282 3026 1388 3052 mera
1417 3011 1611 3052 miracula
1635 3011 1882 3053 restituenda
1901 3019 2149 3053 curaverunt.
2198 3015 2238 3054 A

265 3085 409 3137 quibus
447 3096 520 3121 nos
549 3084 606 3121 ita
635 3083 896 3137 discedimus,
930 3091 972 3126 ut
1000 3084 1194 3140 quidquid
1224 3083 1272 3124 de
1301 3084 1382 3124 illis
1412 3084 1689 3128 conaminibus
1719 3083 1933 3136 iudicatur,
1966 3097 2133 3138 quorum
2162 3083 2237 3124 hoc
