2552 3470
1166 98 1245 138 22

536 207 695 248 Deinde
726 207 774 247 de
803 222 845 247 re
875 207 963 259 ipsa
992 221 1029 260 p.
1055 208 1146 258 140,
1179 209 1228 248 21
1267 204 1373 247 ἀλλὰ
1402 207 1560 258 πρῶτον
1588 202 1879 258 εὖλαβηθῶμέν
1908 222 1943 244 τι
1972 204 2109 250 πάθος
2138 200 2191 256 μὴ

535 279 747 332 πάθωμεν.
795 279 850 319 Τὸ
879 287 1015 328 norw,-
1046 278 1094 331 ἦν
1114 279 1149 319 δ’
1168 277 1258 329 ἐγώ.
1305 278 1374 330 Μὴ
1392 276 1624 328 γενοίμεθα,
1654 275 1732 329 ἧδ’
1753 276 1807 324 ὅς,
1836 277 2040 330 μισόλογοι
2060 277 2190 329 ὥσπερ

537 351 575 391 οἳ
603 350 890 401 μισάνθρωποι
918 341 1160 402 γιγνόμενοι,
1191 350 1243 397 ῶς
1273 349 1342 391 οὗκ
1372 351 1485 401 ἔστιν,
1516 350 1608 402 ἔᾳη,
1639 349 1660 389 ὃ
1680 365 1715 388 τι
1734 349 1786 388 ἄν
1806 364 1862 394 τις
1890 349 2023 400 μεῖζον
2052 347 2191 388 τούτου

535 422 658 463 κακὸν
686 422 820 463 πάθοι
843 423 862 473 ἢ
882 422 1022 471 λόγους
1051 422 1234 474 μισήσας.
1268 427 1442 471 γίγνεται
1461 423 1505 461 δὲ
1524 423 1567 461 ἐκ
1586 424 1655 461 τοῦ
1674 419 1796 461 abtas,
1815 421 1963 470 τρόπου
1981 423 2190 471 μισολογία

536 510 575 534 τε
604 495 671 534 καὶ
699 496 1004 546 μισανθρωπία.
1049 493 1130 546 ἦτε
1149 493 1226 545 γὰρ
1254 496 1542 546 μισανθρωπία
1569 491 1748 534 ἐνδύεται
1777 493 1819 533 ἐκ
1846 494 1914 533 τοῦ
1939 491 2097 545 σφόδρα
2118 494 2191 532 τινὶ

537 569 739 606 πιστεῦσαι
768 565 866 606 ἄνευ
896 570 1044 619 τέχνης,
1075 569 1142 606 καὶ
1170 565 1398 619 ἡγήσασθαι
1424 564 1655 606 παντάπασί
1673 580 1717 614 γε
1738 562 1872 617 ἀληθῆ
1891 566 1994 604 εἶναι
2013 567 2080 604 καὶ
2107 563 2196 616 ὑγιῆ

535 641 603 678 καὶ
632 638 771 678 πιστὸν
799 640 867 678 τὸν
897 638 1135 689 ἄνθρωπον,
1174 639 1309 677 ἔπειτα
1344 636 1479 688 ὀλίγον
1508 637 1666 689 ὕστερον
1694 635 1822 688 εὑρεῖν
1851 638 1989 678 τοῦτον
2018 635 2192 690 πονηρόν

538 727 578 751 τε
607 714 673 751 καὶ
704 710 871 751 ἄπιστον
899 713 965 750 καὶ
995 709 1118 756 αὖθις
1147 714 1295 760 ἕτερον·
1328 714 1394 750 καὶ
1425 713 1521 750 ὅταν
1543 713 1655 750 τοῦτο
1675 709 1865 755 πολλάκις
1888 709 2005 764 πάθῃ
2027 726 2096 756 τις,
2125 712 2192 748 καὶ

538 782 618 824 ὑπὸ
652 782 800 824 τούτων
833 781 1005 834 μάλιστα
1036 782 1102 828 οὓς
1138 782 1189 822 ἂν
1224 780 1409 834 ἡγήσαιτο
1445 781 1705 828 οἰκειοτάτους
1739 798 1778 822 τε
1807 784 1873 822 καὶ
1907 780 2191 833 ἑταιροτάτους,

538 857 726 897 τελευτῶν
756 855 804 908 δὴ
835 855 954 907 θαμὰ
986 853 1240 906 προσκρούων
1268 863 1376 906 μισετ
1398 871 1436 894 τε
1458 854 1612 902 πάντας
1637 858 1700 895 καὶ
1728 855 1876 908 ἡγεῖται
1896 852 2056 901 οὐδενὸς
2076 852 2193 895 οὐδὲν

540 927 644 977 ὑγιὲς
676 931 780 967 εἶναι
808 927 851 966 τὸ
880 925 1078 976 παράπαν
1100 956 1109 965 .
1133 956 1142 965 .
1165 956 1174 965 .
1205 929 1271 965 καὶ
1300 927 1422 978 δῆλον
1452 926 1510 966 ὅτι
1540 926 1637 966 ἄνευ
1657 930 1790 979 τέχνης
1810 929 1875 979 τῆς
1895 930 1983 977 περὶ
2003 925 2192 977 τάνθρώ-

539 1015 630 1039 πεια
660 998 682 1038 ὁ
711 1000 883 1043 τοιοῦτος
910 1000 1085 1050 χρῆσθαι
1115 999 1299 1049 ἐπιχειρεῖ
1327 1006 1407 1044 τοῖς
1436 995 1684 1050 ἀνθρώποις.
1716 1020 1768 1025 —
1800 998 1843 1039 P.
1875 999 1970 1050 141,
1999 999 2052 1039 24
2088 996 2191 1040 ἀλλὰ

539 1070 659 1123 ταύτῃ
687 1072 760 1121 μὲν
790 1069 863 1120 οὐχ
891 1069 1021 1121 ὅμοιοι
1051 1070 1088 1110 οἳ
1118 1069 1228 1119 λόγοι
1249 1079 1327 1115 τοῖς
1348 1069 1585 1121 ἀνθρώποις
1607 1100 1616 1110 .
1639 1100 1648 1109 .
1679 1069 1765 1111 ἀλλ’
1786 1072 1923 1124 ἐκείνῃ,
1953 1070 2118 1112 ἐπειδάν
2139 1086 2193 1117 τις

540 1143 720 1195 πιστεύσῃ
750 1142 856 1194 λόγῳ
877 1145 950 1181 τινὶ
971 1140 1120 1193 ἀληθεῖ
1138 1144 1241 1181 εἶναι
1262 1141 1357 1181 ἄνευ
1378 1145 1441 1193 τῆς
1472 1145 1559 1191 περὶ
1579 1142 1667 1187 τοὺς
1687 1142 1828 1190 λόγους
1849 1146 1995 1193 τέχνης,
2026 1143 2192 1181 κᾶπειτα

539 1212 673 1265 ὀλίγον
704 1213 864 1265 ὕστερον
893 1210 999 1268 αὐτῷ
1030 1212 1124 1268 δόξῃ
1154 1213 1303 1265 ψευδὴς
1331 1215 1449 1261 εἶναι,
1478 1214 1602 1255 ἐνίοτε
1630 1214 1704 1267 μὲν
1734 1213 1803 1264 ὤν,
1833 1215 1955 1255 ἐνίοτε
1982 1212 2103 1255 δὀὗκ
2122 1216 2192 1261 ῶν,

539 1290 606 1325 καὶ
633 1285 756 1331 αὖθις
777 1289 904 1337 ἕτερος
924 1288 990 1324 καὶ
1010 1288 1157 1336 ἕτερος·
1178 1315 1186 1324 .
1205 1315 1214 1324 .
1234 1315 1243 1324 .
1282 1286 1372 1337 142,
1398 1287 1459 1324 11.
1492 1283 1634 1326 οὐκοῦν
1654 1285 1807 1337 οἰκτρὸν
1827 1286 1878 1325 ἂν
1898 1289 1956 1337 εἴη
1978 1285 2020 1326 τὸ
2041 1285 2191 1332 πάθος,

539 1361 575 1397 εἰ
611 1358 722 1402 ὄντος
756 1357 805 1408 δή
838 1372 941 1402 τινος
978 1355 1158 1407 ἀληθοῦς
1193 1360 1259 1395 καὶ
1293 1361 1457 1407 βεβαίου
1491 1356 1612 1405 λόγου
1641 1360 1707 1396 καὶ
1736 1358 1909 1396 δυνατοῦ
1936 1360 2192 1407 κατανοῆσαι,

540 1429 675 1470 ἔπειτα
710 1428 778 1468 διὰ
814 1427 857 1468 τὸ
891 1431 1216 1478 παραγίγνεσθαι
1252 1427 1437 1473 τοιούτοις
1473 1430 1545 1467 τισὶ
1579 1427 1711 1477 λόγοις
1740 1437 1819 1474 τοῖς
1847 1426 1979 1474 αὐτοῖς
2008 1430 2092 1468 τοτὲ
2119 1430 2193 1479 μὲν

541 1501 723 1542 δοκοῦσιν
759 1497 954 1554 ἀληθέσιν
988 1501 1113 1548 εἶναι,
1150 1500 1233 1541 τοτὲ
1270 1500 1313 1540 δὲ
1346 1498 1420 1552 μή,
1454 1498 1507 1552 μὴ
1542 1499 1684 1541 ἑαυτόν
1718 1517 1773 1547 τις
1808 1503 1964 1554 αἰτιῷτο
1999 1501 2098 1553 μηδὲ
2126 1501 2194 1553 τὴν

542 1574 685 1614 ἑαυτοῦ
713 1571 919 1624 ἀτεχνίαν,
958 1570 1061 1614 ἀλλὰ
1092 1574 1279 1613 τελευτῶν
1309 1573 1375 1612 διὰ
1406 1572 1447 1612 τὸ
1477 1570 1615 1622 ἀλγεῖν
1644 1572 1814 1626 ἅσμενος
1843 1574 1907 1613 ἐπὶ
1936 1575 2023 1619 τοὺς
2053 1572 2193 1622 λόγους

542 1644 613 1698 ἀφ’
635 1646 778 1685 ἑαυτοῦ
811 1645 880 1696 τὴν
914 1647 1047 1685 αἰτίαν
1082 1642 1288 1685 ἀπώσαιτο
1323 1646 1387 1683 καὶ
1422 1644 1493 1697 ἢδη
1523 1643 1590 1684 τὸν
1619 1645 1760 1686 λοιπὸν
1787 1648 1877 1696 βίον
1904 1646 2030 1697 μισῶν
2061 1661 2098 1684 τε
2128 1648 2193 1684 καὶ

543 1718 737 1769 λοιδορῶν
764 1718 952 1764 διατελοῖ,
981 1720 1059 1758 τῶν
1084 1719 1128 1757 δὲ
1154 1718 1280 1757 ὄντων
1308 1720 1370 1769 τῆς
1392 1715 1586 1769 ἀληθείας
1606 1734 1645 1757 τε
1665 1720 1730 1757 καὶ
1750 1717 1957 1769 ἐπιστήμης
1977 1722 2193 1769 σιερηθείη.

210 1791 343 1832 Huius
374 1790 657 1844 disputationis
688 1805 840 1830 memor
869 1789 944 1829 fuit
974 1796 1015 1829 ut
1043 1789 1198 1829 videtur
1217 1787 1463 1840 Minucius*)
1492 1804 1581 1829 cum
1611 1790 1725 1830 finita
1744 1788 1910 1830 Caecilii
1942 1792 2194 1830 accusatione

211 1864 443 1915 priusquam
465 1862 658 1903 Octavius
684 1862 735 1902 ad
757 1862 1077 1915 respondendum
1110 1862 1217 1901 illius
1245 1862 1478 1901 criminibus
1508 1872 1547 1901 et
1577 1863 1769 1902 conviciis
1800 1878 1842 1902 se
1871 1863 1983 1902 daret
2013 1864 2060 1901 de
2090 1871 2195 1901 recta

213 1934 441 1987 disputandi
474 1934 625 1973 ratione
656 1933 828 1973 similem
859 1933 897 1972 in
930 1933 1088 1973 modum
1122 1933 1337 1973 dissereret
1365 1946 1397 1972 c.
1423 1934 1483 1984 14,
1507 1934 1543 1973 3.

549 2027 591 2032 -
629 2027 677 2032 —
712 2020 952 2058 quamquam
980 2020 1166 2058 maynum
1194 2007 1237 2045 in
1262 2006 1420 2044 modum
1448 2019 1507 2045 me
1534 2005 1670 2045 subtili
1697 2007 1882 2045 varietate
1911 2014 1978 2046 tua
1998 2007 2197 2047 delectarit

544 2080 685 2126 oratio,
717 2086 844 2117 tamen
873 2079 991 2117 altius
1011 2093 1178 2127 moveor,
1209 2093 1288 2116 non
1318 2079 1366 2116 de
1390 2080 1592 2129 praesenti
1609 2080 1770 2126 actione,
1802 2080 1870 2117 sed
1888 2080 1934 2117 de
1954 2086 2030 2118 toto
2058 2093 2197 2132 qenere

544 2150 789 2203 disputandi,
822 2150 928 2202 quod
946 2150 1175 2202 plerumque
1201 2164 1277 2202 pro
1312 2151 1581 2189 disserentium
1615 2151 1765 2189 viribus
1794 2159 1828 2189 et
1856 2152 2096 2203 eloquentiae
2121 2166 2196 2204 po·-

544 2229 676 2260 testate
695 2224 811 2260 etiam
825 2223 1062 2274 perspicuae
1080 2223 1254 2261 veritatis
1275 2222 1450 2260 condicio
1471 2229 1647 2261 mutetur.
1677 2226 1713 2261 4.
1733 2222 1783 2261 Id
1801 2223 1975 2261 accidere
1992 2231 2196 2275 pernotum

465 2300 485 2332 5
542 2301 598 2333 est
625 2294 850 2333 auditorum
868 2293 1082 2345 facilitate,
1114 2295 1185 2346 qui
1203 2294 1296 2333 dum
1324 2293 1529 2333 verborum
1559 2294 1749 2334 lenocinio
1770 2310 1795 2334 a
1814 2309 1945 2334 rerum
1973 2296 2197 2334 intentioni-

546 2366 616 2404 bus
636 2373 865 2414 avocantur,
895 2367 979 2404 sine
999 2366 1141 2404 dilectu
1160 2366 1435 2405 adsentiuntur
1462 2367 1575 2405 dictis
1597 2366 1773 2405 omnibus
1802 2380 1870 2406 nec
1898 2381 1924 2405 a
1951 2368 2065 2406 rectis
2082 2367 2197 2419 falsa

545 2445 748 2476 secernunt
781 2439 990 2477 nescientes
1017 2439 1142 2477 inesse
1176 2446 1211 2476 et
1238 2440 1281 2476 in
1314 2437 1540 2476 incredibili
1565 2452 1699 2477 verum
1727 2446 1763 2477 et
1789 2441 1831 2477 in
1861 2439 2067 2477 verisimili
2092 2452 2197 2476 men-

548 2510 715 2548 dacium.
748 2513 783 2547 5.
809 2509 946 2561 Itaque
976 2523 1051 2561 quo
1083 2510 1240 2560 saepius
1265 2509 1623 2548 adseverationibus
1645 2511 1817 2557 credunt,
1849 2524 1891 2548 eo
1901 2510 2154 2561 frequentius
2174 2525 2197 2547 a

545 2580 799 2632 peritioribus
819 2588 1061 2632 arquuntur:
1082 2582 1139 2619 sic
1158 2581 1323 2620 adsidue
1343 2582 1552 2620 temeritate
1567 2582 1718 2633 decepti
1736 2582 1892 2633 culpam
1910 2583 2054 2620 iudicis
2069 2590 2198 2619 trans-

449 2659 489 2691 10
539 2652 684 2703 ferunt
712 2654 764 2691 ad
793 2655 934 2692 incerti
961 2653 1190 2704 querellam,
1228 2660 1271 2690 ut
1304 2652 1501 2691 damnatis
1532 2653 1708 2692 omnibus
1737 2654 1875 2692 malint
1902 2655 2084 2692 universa
2113 2667 2197 2691 sus-

545 2724 715 2776 pendere
745 2737 863 2775 quam
892 2725 939 2763 de
956 2724 1178 2776 fallacibus
1207 2725 1397 2763 iudicare.
1439 2727 1475 2763 6.
1502 2724 1625 2777 lqitur
1643 2724 1755 2764 nobis
1774 2725 2060 2777 providendum
2081 2732 2135 2764 est
2152 2739 2200 2764 ne

414 2903 443 2944 ‘)
469 2904 509 2935 In
533 2902 762 2936 adnotatione
786 2903 952 2944 addimus,
978 2913 1063 2944 quae
1089 2902 1211 2937 scribit
1227 2902 1397 2936 Minucius
1422 2913 1451 2936 c.
1470 2904 1519 2943 16,
1540 2904 1555 2936 1
1580 2909 1616 2937 ut
1630 2905 1841 2937 convictorum
1856 2904 2085 2936 amarissimam
2101 2904 2200 2937 labem

215 2964 380 2997 verborum
409 2964 569 2997 veracium
598 2964 725 3003 flumine
754 2964 926 3006 diluamus,
958 2964 993 2997 in
1024 2963 1222 2998 memoriam
1252 2974 1420 2998 revocare
1444 2974 1532 3006 qnae
1557 2968 1638 2997 sunt
1662 2965 1752 3007 apud
1778 2965 1957 2998 Platonem
1982 2964 2017 2997 in
2043 2965 2199 2998 Phaedro

216 3036 248 3067 p.
264 3025 316 3065 23,
337 3027 372 3057 11
401 3024 556 3069 ἐπιθυμῶ
579 3028 707 3069 ποτίμῳ
730 3023 818 3069 λόγῳ
843 3028 914 3058 οἷον
936 3025 1089 3071 ἁλμυρὰν
1111 3024 1214 3067 ἀκοὴν
1235 3022 1497 3059 ἀποκλύσασθαι.
